2452 3938
162 183 226 248 266
590 181 639 235 DE
657 181 751 236 FATO

161 326 281 392 falsum
303 348 370 392 non
392 329 450 410 est,
474 325 530 409 qui
547 329 657 411 potest
675 347 741 392 non
759 348 871 392 verum
889 327 983 392 esse?
1005 327 1168 392 tenebitur

161 417 257 497 ipitur
278 414 324 498 id,
348 415 434 498 quod
457 437 476 479 a
500 412 682 498 Chrysippo
706 413 897 500 defenditur,
921 436 1051 480 omnem
1075 437 1168 478 enun-

162 504 332 568 tiationem
356 506 413 568 aut
430 525 542 567 veram
560 505 618 568 eut
634 501 754 568 falsam
773 523 857 587 esse3
880 503 966 568 ratio
985 502 1059 588 ipsa
1078 507 1169 588 coget

162 595 195 656 et
222 613 261 655 ex
284 591 477 656 aeternitate
501 590 658 674 quaedam
681 611 752 654 esse
774 612 865 675 vera,
893 595 927 656 et
950 613 1080 656 canon
1103 612 1169 655 esse

74 711 76 714 ·
112 701 244 791 17nera
271 679 377 744 causis
401 678 540 746 aeternis
564 683 598 743 et
620 701 640 742 a
661 676 723 744 fati
745 679 940 744 necessitate
964 699 1036 744 esse
1059 679 1201 744 liberas

109 806 143 854 39
229 766 278 832 Ac
296 767 376 832 mihi
395 766 524 850 quidem
542 765 678 850 videtur,
701 787 774 832 oum
793 767 875 832 duee
893 767 1080 833 sententiae
1098 766 1170 830 fuis-

163 859 236 920 sent
262 859 408 920 veterum
436 854 720 940 philosophorum,
746 877 812 922 una
834 877 959 939 eorum,
987 855 1045 940 qui
1070 877 1170 920 cense

161 947 235 1008 rent
247 944 367 1009 'omnia
388 944 437 1008 ite
458 942 528 1009 fato
550 943 631 1028 fieri,
651 945 690 1008 ut
706 942 740 1006 id
757 941 863 1008 fatum
881 943 945 1008 vim
966 943 1169 1009 necessitatis

163 1031 312 1116 adferret,
335 1033 370 1096 in
389 1053 453 1115 qua
472 1031 632 1097 sententia
648 1030 862 1115 Democritus,
881 1030 1083 1116 Heraclitus,
1100 1029 1170 1096 Em·

161 1120 325 1204 pedocles,
347 1119 543 1186 Aristoteles
566 1119 642 1203 fuit,
670 1118 774 1184 altera
796 1141 922 1204 eorum,
945 1120 1067 1204 quibus
1090 1119 1170 1185 vide
1181 1137 1200 1175 1⁰

161 1211 273 1272 rentur
296 1207 366 1273 sinc
387 1208 454 1272 ullo
477 1206 546 1272 fato
566 1228 637 1272 esse
656 1207 838 1273 animorum
857 1210 966 1272 motus
984 1207 1169 1290 voluntarii,

163 1293 365 1379 Chrysippus
392 1299 560 1378 tamquam
589 1295 711 1362 arbiter
737 1295 930 1361 honorarius
958 1296 1106 1361 medium
1131 1295 1168 1359 fe

161 1383 227 1452 rire
255 1383 411 1467 voluisse,
438 1383 495 1448 sed
522 1383 666 1467 adplicat
688 1404 723 1448 se
746 1383 787 1449 ad
810 1405 865 1450 eos
888 1384 1015 1470 potius,
1044 1385 1103 1468 qui
1123 1404 1170 1448 ne

162 1471 315 1536 cessitate
342 1474 451 1538 motus
475 1471 657 1537 animorum
678 1470 835 1552 liberatos
858 1471 988 1556 volunt3
1018 1473 1098 1537 dum
1121 1495 1170 1536 au·

162 1563 229 1624 tem
256 1559 365 1626 verbis
392 1559 497 1626 utitur
525 1560 604 1645 suis,
632 1559 794 1626 delabitur
816 1559 929 1626 ineas
953 1559 1199 1640 difficultates

109 1657 145 1708 40
163 1651 201 1713 ut
222 1648 451 1714 necessitatem
472 1647 534 1712 fati
557 1648 724 1714 confirmet
746 1647 876 1714 invitus.
915 1647 1029 1733 Atque
1053 1649 1125 1732 hoc,
1145 1647 1168 1711 si

161 1737 278 1821 placet,
296 1737 392 1820 quale
410 1737 454 1802 sit
467 1737 633 1802 videamus
647 1737 681 1800 in
694 1735 950 1821 adsensionibus,
969 1758 1055 1820 quas
1070 1739 1170 1823 prima

61 1866 64 1875 -
163 1825 310 1890 oratione
327 1825 476 1891 tractavi.
507 1823 574 1890 Eas
592 1825 678 1888 enim
696 1827 822 1890 veteres
840 1824 900 1910 illi,
925 1825 1046 1908 quibus
1067 1824 1168 1890 omniu

161 1911 231 1978 fato
254 1912 325 1977 fieri
347 1913 553 1997 videbantur,
574 1913 609 1977 vi
632 1911 716 1977 effici
738 1914 772 1976 et
793 1911 989 1978 necessitate
1013 1913 1168 1979 dicebant.

163 1998 225 2075 Qui
248 2004 357 2065 autem
381 2001 422 2065 ab
444 2000 486 2065 iis
510 2000 753 2082 dissentiebant,
775 1998 845 2084 fato
864 2000 1078 2067 adsensiones
1096 2001 1197 2065 libe-u

161 2088 280 2153 rabant
297 2089 526 2173 negabantque
543 2087 613 2154 fato
633 2087 878 2154 adsensionibus
898 2089 1049 2154 adhibito
1068 2109 1168 2155 neces·

162 2175 294 2240 sitatem
317 2176 359 2240 ab
381 2176 433 2242 his
455 2196 551 2260 posse
573 2176 745 2259 removeri,
772 2175 860 2260 iique
882 2176 931 2241 ita
954 2176 1167 2242 disserebant:

163 2261 218 2327 ‘si
245 2263 372 2330 omnia
397 2263 480 2330 fato
507 2263 624 2348 fiunt,
652 2263 779 2330 omnia
800 2264 904 2329 fiunt
926 2287 1046 2331 causa
1070 2270 1168 2332 ante·

162 2351 334 2436 cedente,
363 2356 413 2438 et,
444 2352 476 2417 si
500 2353 711 2438 adpetitus,
740 2352 814 2416 illa
837 2353 966 2436 etiam,
990 2375 1090 2438 quae
1113 2351 1167 2417 ad-

133 2458 136 2463 ·
162 2441 327 2526 petitum
346 2444 574 2526 sequuntur,
592 2461 683 2526 ergo
700 2440 817 2505 etiem
833 2441 1104 2525 adsensionem
1121 2443 1196 2521 ate

162 2529 195 2594 si
213 2551 328 2595 causa
346 2529 543 2614 adpetitus
562 2550 636 2594 non
655 2533 713 2593 est
732 2527 809 2594 sita
826 2528 865 2594 in
883 2529 1010 2612 nobis,
1029 2551 1077 2596 ne
1091 2531 1166 2614 ipse

163 2618 314 2700 quidem
332 2617 530 2703 adpetitus
549 2620 609 2682 est
626 2617 818 2682 innostra
835 2619 1052 2702 potestate3
1074 2614 1166 2703 quod

163 2705 195 2770 si
222 2706 279 2771 ita
306 2709 377 2790 est,
403 2727 449 2771 ne
476 2705 548 2770 illa
571 2704 735 2789 quidem,
763 2726 859 2788 quae
883 2705 1064 2790 adpetitu
1088 2703 1166 2769 effi·

162 2793 330 2878 ciuntur,
362 2797 452 2858 sunt
483 2793 561 2858 sita
592 2793 631 2856 in
662 2793 788 2876 nobis;
819 2813 895 2874 non
925 2797 1016 2858 sunt
1048 2794 1166 2879 igitur

161 2901 283 2964 neque
319 2881 568 2947 adsensiones
604 2903 726 2964 neque
758 2880 933 2946 actiones
964 2882 1005 2946 in
1036 2885 1195 2947 nostras

161 2971 369 3054 potestate.
414 2969 469 3035 Ex
499 2991 572 3053 quo
601 2968 790 3051 efficitur,
819 2971 861 3034 ut
887 2990 954 3034 nec
977 2969 1165 3034 laudatic-
1217 2959 1218 2988 ¹

161 3076 227 3122 nes
250 3055 379 3122 iustae
402 3058 481 3122 sint
501 3078 569 3122 neo
586 3056 898 3142 vituperationes
916 3077 986 3123 nec
1003 3057 1163 3123 honores

160 3166 229 3210 nec
252 3143 471 3230 supplicia'.
502 3143 594 3221 Quod
617 3167 689 3211 cum
707 3144 861 3210 vitiosum
880 3145 933 3229 sit,
955 3145 1164 3230 probabiliter
1188 3217 1194 3232 ι

111 3299 151 3363 18
162 3233 309 3298 concludi
326 3236 444 3335 putant
457 3254 524 3298 non
537 3233 646 3298 omnia
660 3233 730 3299 fato
743 3232 822 3317 fieri,
842 3255 1062 3335 quaecumque
1075 3234 1158 3297 fiant.
1183 3325 1192 3367 5

108 3377 141 3424 41
162 3412 195 3473 et
220 3321 428 3474 iiiiiisildlpidt
451 3320 1162 3494 saiqtpqrqqqusqttianqqsssirstagqqcniquprqqqqqt

161 3517 233 3560 rum
257 3518 376 3582 genera
398 3495 582 3581 distinguit,
609 3501 647 3562 ut
670 3501 703 3562 et
725 3498 954 3566 necessitatem
978 3497 1112 3584 effugiet
1132 3496 1161 3558 et
