2458 3934
261 197 328 254 ΜΒ.
347 198 368 252 1.
392 197 469 253 CAP.
487 204 601 253 ao-ra
625 204 640 263 a
660 203 773 254 ao-aa.
962 195 1025 261 179

46 341 100 405 filio
120 342 157 406 ad
175 339 304 406 Troiam
326 341 543 426 proficiscenti
565 345 704 406 mortem
726 342 923 426 praedixisse
945 364 1029 407 com-

47 431 206 495 memorat?
238 429 375 494 Omnino
399 428 485 514 apud
502 433 637 513 veteres,
661 429 717 514 qui
735 451 844 495 rerum
861 431 1029 516 potieban-

47 520 93 600 tur,
112 517 205 582 iidem
229 517 364 602 auguria
385 517 554 600 tenebant3
576 521 614 581 ut
636 518 722 581 enim
740 540 862 603 sapere,
886 519 933 583 sic
951 518 1029 584 divi·

46 625 105 669 nare
130 607 240 692 regale
270 606 437 670 ducebant.
483 604 590 670 Testis
618 609 669 669 est
694 609 809 670 nostra
835 607 964 690 civitas,
994 606 1029 670 in

28 709 94 775 sqra
117 698 147 757 et
173 715 268 779 reges
296 714 434 776 augures
456 697 490 757 et
512 697 626 778 postea
648 694 769 777 privati
792 694 904 758 eodem
927 715 1029 758 sacer-

46 781 114 845 dotio
141 781 281 867 praediti
311 803 380 846 rem
411 780 575 865 publicam
607 781 802 867 religionum
835 783 1028 847 auctoritate

44 874 180 934 rexenmt.
226 869 339 954 anue
370 869 605 934 divinationum
636 870 721 934 ratio
750 891 791 934 ne
817 870 853 933 in
879 870 1028 934 barbaris
1038 829 1081 955 ll,

45 956 150 1038 quidem
177 959 332 1043 gentibus
357 958 509 1043 neglecta
535 960 598 1040 est,
626 957 784 1042 siquidem
807 961 841 1021 et
862 957 898 1020 in
921 956 1030 1022 Gallia

44 1042 163 1110 Druidae
186 1049 273 1128 sunt,
296 1067 313 1109 e
332 1045 448 1130 quibus
467 1046 537 1131 ipse
555 1044 755 1111 Divitiacum
771 1044 952 1128 Haeduum,
974 1044 1030 1109 ho-

20 1133 141 1215 vspitem
163 1137 259 1198 tuum
281 1133 560 1217 laudatoremque,
585 1133 736 1218 cognovi,
760 1133 815 1218 qui
839 1138 872 1198 et
893 1137 1030 1198 naturae

44 1220 190 1306 rationem,
215 1244 314 1306 qnam
336 1225 558 1305 φυσιολογίαν
579 1219 695 1287 Graeci
718 1223 895 1307 appellant,
918 1225 1030 1287 notam

45 1327 96 1371 esse
117 1310 178 1375 sibi
200 1309 416 1395 profitebatur
438 1314 472 1373 et
493 1309 615 1394 partim
638 1311 791 1394 auguriis,
813 1311 934 1396 partim
958 1331 1031 1376 oon-

44 1394 157 1482 iectura,
180 1420 265 1482 qnae
289 1400 398 1462 essent
418 1398 545 1482 futura,
568 1397 710 1481 dicebat,
733 1403 767 1463 et
789 1399 823 1463 in
844 1398 954 1464 Persis
978 1421 1030 1462 au·

45 1490 181 1566 guantur
204 1490 240 1551 et
262 1485 409 1551 divinant
430 1485 534 1571 magi,
557 1486 612 1569 qui
635 1491 875 1571 congregantur
896 1487 931 1550 in
952 1486 1030 1551 fano

21 1585 36 1626 1⁵
44 1573 264 1639 commentandi
286 1593 383 1640 causa
406 1577 503 1657 atque
525 1575 611 1640 inter
633 1595 667 1638 se
691 1574 917 1656 conloquendi,
946 1573 1032 1657 quod

45 1660 122 1725 etiam
147 1662 236 1728 idem
259 1683 317 1728 vos
341 1662 503 1746 quondam
524 1661 630 1726 faeere
647 1659 753 1744 Nonis
777 1661 946 1744 solebatis3
973 1683 1032 1725 nec
1050 1677 1083 1724 91

45 1748 194 1833 quisquam
226 1771 284 1814 rex
309 1749 484 1814 Persarum
515 1751 626 1833 potest
659 1769 743 1832 esse,
775 1748 832 1832 qui
862 1769 930 1812 non
956 1752 1031 1812 ante

45 1855 193 1921 magorum
222 1837 428 1922 disciplinam
455 1837 688 1921 scientiamque
715 1835 905 1921 perceperit.
941 1835 1032 1901 Licet

45 1927 132 1990 summ
162 1927 273 1991 ridere
305 1929 338 1990 et
370 1946 489 2011 genera
521 1924 679 2010 quaedam
712 1929 745 1989 et
775 1924 924 1990 nationes
957 1924 1033 1988 huic

21 2012 177 2080 accisarias
196 2014 331 2079 deditas.
367 2012 551 2078 Telmessus
570 2013 604 2078 in
621 2011 717 2078 Caria
735 2017 794 2097 est,
819 2035 882 2097 qua
899 2013 934 2076 in
951 2013 1032 2077 urbe

46 2102 152 2166 excellit
179 2101 390 2186 haruspicum
413 2100 597 2186 disciplina3
624 2101 767 2186 itemque
790 2100 861 2165 Elis
884 2101 919 2165 in
941 2099 1033 2166 Pelo·

45 2207 167 2268 ponneso
190 2190 335 2256 familias
358 2189 437 2254 duas
457 2193 561 2253 certas
579 2189 689 2274 habet,
710 2189 908 2254 Iamidarum
925 2211 1032 2273 unam,

46 2274 162 2344 alteram
187 2277 399 2360 Clutidarum,
421 2276 648 2360 haruspicinae
669 2277 843 2342 nobilitate
865 2282 1032 2362 praestan-

45 2363 89 2428 tes.
119 2366 158 2430 In
180 2364 277 2450 Syria
300 2364 455 2430 Chaldaei
477 2365 664 2451 cognitione
687 2369 851 2430 astrorum
873 2364 1033 2428 sollertia-

21 2461 92 2532 bqua
115 2453 319 2541 ingeniorum
343 2453 549 2518 antecellunt.
593 2452 728 2517 Etruria
750 2457 859 2516 autem
883 2451 921 2516 de
944 2452 1032 2516 caelo
1052 2466 1086 2514 92

46 2539 115 2605 tacta
151 2542 378 2609 scientissume
410 2541 640 2608 animadvertit
672 2540 846 2623 eademque
878 2538 1034 2624 interpre-

46 2626 123 2714 tatur,
146 2630 226 2714 quid
249 2629 430 2714 quibusque
452 2630 642 2693 ostendatur
663 2626 819 2692 monstris
843 2629 940 2710 atque
962 2647 1034 2711 por-

46 2714 134 2782 tentis.
176 2716 334 2794 Quocirca
360 2718 441 2782 bene
469 2717 555 2801 apud
580 2716 720 2782 maiores
747 2718 879 2779 nostros
902 2717 1034 2779 senatus

48 2802 110 2889 tum,
126 2827 200 2872 cam
217 2805 355 2870 florebat
372 2805 552 2890 imperium,
572 2803 720 2886 decrevit,
739 2807 777 2867 ut
795 2801 834 2866 de
852 2801 1035 2887 principum

22 2887 105 2956 sfiliis
131 2913 156 2959 x
187 2915 227 2959 ex
256 2893 395 2978 singulis
423 2892 575 2957 Etruriae
604 2891 735 2976 populis
763 2889 799 2954 in
829 2889 1045 2980 disciplinam.

47 2978 242 3066 traderentur,
258 3002 300 3046 ne
319 3001 371 3046 ars
390 2984 482 3045 tanta
500 2983 635 3066 propter
653 2979 847 3044 tenuitatem
865 2977 1034 3044 hominum

48 3083 62 3126 a
74 3070 235 3156 religionis
254 3069 448 3134 anctoritate
462 3069 674 3133 abduceretur
688 3067 729 3132 ad
743 3066 921 3132 mercedem
936 3071 1034 3148 atque

49 3163 207 3233 quaestum.
247 3157 395 3243 Phryges
427 3160 535 3220 autem
567 3160 601 3220 et
631 3155 759 3220 Pisidae
792 3159 825 3220 et
853 3152 968 3219 Cilices
1000 3154 1034 3215 et

48 3237 174 3311 Arabum
200 3247 292 3311 natio
320 3245 428 3310 avium
456 3244 746 3329 significationibus
774 3242 951 3327 plurimum
979 3239 1037 3302 ob

23 3327 222 3417 lltemperant,
240 3332 326 3419 qnod
342 3333 429 3398 idem
440 3332 627 3397 factitatum
640 3334 674 3397 in
688 3330 828 3396 Umbria
842 3326 1033 3410 accepimus.

100 3421 145 3487 Ao
165 3423 247 3488 mihi
271 3420 400 3506 quidem
416 3420 566 3485 ridentur
584 3441 601 3484 e
619 3419 700 3485 locis
718 3437 846 3503 quoque
863 3413 954 3498 ipsis,
978 3412 1033 3497 qui
1043 3383 1087 3509 ἐξ

49 3509 251 3594 aquibusqus
273 3508 512 3592 incolebantur,
535 3507 769 3572 divinationum
792 3502 1033 3589 oportunitates

767 3606 821 3661 12*
