2476 3936
320 195 387 250 eis.
407 197 442 254 11.
462 196 538 254 cnr.
557 207 661 256 ar-sa
680 207 696 267 s
715 208 827 258 ua-ss.
1013 204 1079 270 325

70 340 170 424 plura
196 339 339 426 insignia
366 345 474 409 essent
501 343 618 428 inperii
644 344 678 408 in
707 344 810 410 libero
838 348 960 432 populo
983 370 1081 432 quarn

70 429 107 493 in
125 448 227 514 regno
246 429 394 497 fuissent.
429 429 526 496 Haud
543 432 714 500 mediocris
732 433 793 517 hia,
815 438 854 500 ut
870 449 932 521 ego
952 436 1081 520 quidem

69 516 240 602 intellego,
267 517 317 584 vir
343 517 420 601 fuit,
448 519 503 602 qui
531 520 657 586 modica
684 521 837 588 libertate
859 524 980 608 populo
1004 525 1082 592 data

69 603 201 674 facilius
220 605 325 670 tenuit
339 607 567 676 auctoritatem
580 608 771 695 principum.
798 609 911 695 Neque
926 633 987 698 ego
1001 613 1081 678 haec

47 710 157 758 cnunc
189 693 259 758 sine
290 715 388 759 causa
419 698 487 760 tam
516 699 627 762 vetera
655 698 749 763 vobis
777 703 810 762 et
836 702 906 764 tam
933 701 1081 766 obsoleta

72 781 226 866 decanto,
245 781 250 862 l
271 781 328 848 sed
348 782 542 852 inlustribus
565 784 600 852 in
622 786 769 868 personis
792 787 944 871 tempori·
967 790 1008 870 [p.
1030 804 1080 854 ree

71 869 199 952 busque
227 871 373 954 exempla
394 870 563 936 hominum
585 893 757 957 rerumque
780 873 911 959 definio,
934 876 975 941 ad
998 898 1081 960 quae

72 958 203 1042 reliqua
223 958 329 1024 oratio
352 958 518 1044 derigatur
540 982 622 1029 mea.

139 1045 259 1110 Tenuit
286 1046 389 1132 igitur
415 1047 478 1117 hoa
499 1048 535 1114 in
557 1052 647 1120 statu
671 1053 802 1116 senatus
824 1071 894 1116 rem
916 1052 1080 1135 publicam
1090 1033 1133 1097 32

39 1151 60 1192 1⁰
73 1133 277 1219 temporibus
300 1135 376 1220 illis,
397 1138 435 1200 ut
456 1135 491 1202 in
513 1137 634 1221 populo
656 1137 759 1204 libero
781 1161 884 1223 pauca
906 1161 964 1224 per
982 1162 1080 1225 popu·
1098 1109 1133 1159 ⁵⁶

72 1223 150 1306 lum,
173 1222 328 1307 pleraque
351 1227 482 1296 senatus
502 1225 695 1292 auctoritate
714 1229 747 1290 et
764 1226 916 1294 instituto
935 1249 973 1294 ao
990 1250 1080 1294 more

74 1314 277 1398 gererentur,
310 1315 407 1395 atque
439 1313 488 1378 uti
520 1313 668 1383 consules
697 1318 896 1400 potestatem
922 1315 1081 1382 haberent

73 1404 221 1484 tempore
244 1399 414 1467 dumtaxat
436 1419 584 1485 annuam,
604 1402 610 1484 Ι
630 1423 746 1486 genere
768 1405 840 1488 ipso
864 1426 902 1470 ac
919 1405 989 1470 iure
1008 1407 1080 1486 [po

74 1487 208 1573 regiam.
254 1486 410 1573 Quodque
432 1493 503 1554 erat
526 1488 566 1554 ad
589 1491 799 1574 optinendam
821 1493 1004 1576 potentiam
1025 1515 1080 1564 no-

40 1592 62 1633 1⁵
74 1576 190 1640 tilium
212 1575 267 1641 vel
289 1576 479 1660 maximum,
501 1577 708 1643 uehementer
729 1579 763 1643 id
785 1580 999 1663 retinebatur,
1026 1603 1081 1664 po-

73 1664 142 1750 puli
165 1663 300 1740 comitia
320 1686 361 1730 ne
384 1667 493 1736 essent
516 1669 597 1748 rata,
621 1666 687 1730 nisi
709 1687 748 1731 ea
770 1671 901 1751 patrum
924 1667 1080 1753 adproba-

73 1753 175 1818 visset
198 1747 384 1818 auctorita's.
421 1753 531 1837 Atque
553 1752 606 1818 his
624 1753 704 1837 ipsis
722 1756 923 1838 temporibus
941 1755 1081 1820 dictator

74 1842 174 1906 etiam
206 1844 257 1906 est
289 1841 459 1907 institutus
491 1842 601 1909 dacem
631 1842 698 1906 fere
731 1843 824 1908 annis
855 1848 932 1929 post
958 1844 1080 1928 primos

74 1931 236 2013 consules,
264 1928 299 1994 Τ.
321 1927 468 2013 Larcius,
494 1951 679 2013 novumque
705 1929 739 1998 id
762 1951 863 2016 genus
886 1931 1014 2016 imperii
1036 1933 1081 1996 vi·

40 2035 62 2074 ²⁰
75 2039 145 2084 sum
165 2021 217 2084 est
231 2021 265 2082 et
281 2018 466 2101 proximum
484 2018 689 2082 similitudini
702 2019 819 2104 regiae.
848 2016 929 2120 sed]
946 2021 992 2084 ta·
1007 2022 1079 2100 [pe

74 2129 147 2172 men
181 2105 290 2171 omnia
321 2127 448 2171 summa
483 2129 557 2172 cum
594 2107 845 2175 auctoritates
880 2108 1079 2193 principibus
1205 2160 1209 2168 ,

73 2195 206 2260 cedente
224 2195 345 2278 populo
364 2194 567 2278 tenebantur,
590 2217 791 2281 magnaeque
809 2217 860 2260 res
879 2196 1080 2281 temporibus

73 2283 139 2348 illis
163 2305 185 2348 a
206 2279 395 2348 fortissimis
418 2283 498 2349 uiris
521 2304 648 2348 summo
670 2283 808 2368 imperio
831 2284 996 2368 praeditis,
1019 2284 1081 2350 dic-

73 2371 238 2438 tatoribus
262 2373 358 2455 atque
380 2370 576 2454 consulibua,
598 2371 679 2436 belli
701 2373 907 2457 gerebantur.

40 2475 62 2514 2⁵
140 2457 206 2524 Sed
228 2457 275 2542 id,
302 2458 388 2543 quod
408 2459 480 2524 fieri
501 2463 620 2524 natura
641 2481 750 2524 rerum
771 2460 845 2544 ipsa
866 2460 1017 2545 cogebat,
1043 2464 1081 2525 ut
1091 2440 1133 2504 33

74 2546 258 2632 plusculum
290 2547 353 2611 sibi
381 2547 461 2612 iuris
488 2547 628 2632 populus
658 2547 850 2612 adscisceret
877 2547 1034 2612 liberatus
1062 2517 1133 2612 a⁵⁷

74 2635 217 2722 regibus,
238 2656 305 2700 non
325 2635 424 2719 longo
442 2635 625 2717 intervallo,
649 2639 739 2700 sexto
759 2635 882 2706 decimo
900 2635 968 2700 fere
987 2657 1082 2720 anno,

74 2722 232 2788 Postumo
261 2720 417 2809 Colminio
441 2721 495 2807 Sp.
518 2721 630 2788 Cassio
659 2723 844 2788 consulibus
872 2745 979 2788 conse·
1003 2725 1045 2804 [p.
1065 2740 1081 2789 r

75 2815 168 2878 entus
201 2815 265 2894 est3
297 2812 331 2875 in
363 2833 427 2894 quo
459 2811 562 2876 defuit
587 2811 727 2876 fortasse
755 2811 853 2894 ratio,
887 2811 943 2878 sed
971 2816 1083 2877 tamen

40 2900 176 2966 evincit
205 2898 278 2982 ipsa
299 2898 632 2984 rerumpublicarum
654 2901 774 2964 natura
796 2921 892 2984 saepe
914 2901 1082 2966 rationem.

74 2987 109 3052 Id
129 2987 218 3052 enim
236 2990 390 3071 tenetote,
414 2989 499 3070 quod
517 2987 611 3052 initio
631 2987 706 3070 dixi,
723 2987 788 3052 nisi
806 2988 986 3072 aequabilis
1003 2989 1082 3054 haec

74 3076 108 3139 in
130 3075 264 3141 civitate
288 3076 497 3160 conpensatio
521 3075 565 3140 sit
587 3078 621 3140 et
642 3075 722 3140 iuris
746 3079 779 3140 et
803 3075 902 3142 officii
924 3081 957 3142 et
974 3099 1091 3146 mune.

75 3164 128 3247 ris,
151 3167 192 3228 ut
213 3167 247 3227 at
268 3163 443 3250 potestatis
467 3164 547 3228 satis
570 3163 606 3228 in
627 3164 875 3249 magistratibus
895 3168 927 3229 et
946 3165 1082 3229 auctori·

75 3253 154 3317 tatis
178 3252 213 3318 in
236 3253 418 3337 principum
441 3251 576 3317 consilio
601 3255 633 3317 et
656 3252 818 3316 libertatis
837 3252 873 3314 in
889 3251 1010 3335 populo
1031 3252 1082 3334 sit,

41 3350 139 3405 ³bnon
172 3359 268 3424 posse
300 3340 385 3405 hunc
416 3336 724 3426 incommutabilem
752 3338 974 3424 reipublicae
1005 3341 1082 3420 [ps

76 3427 261 3497 conservari
293 3432 424 3494 statum.
469 3427 556 3492 Nam
588 3450 660 3494 cnm
693 3431 778 3492 esset
810 3448 849 3491 ex
876 3447 949 3492 aere
978 3426 1082 3492 alieno
1102 3436 1135 3486 58
1226 3441 1227 3525 p

75 3519 240 3582 commota
262 3516 390 3601 civitas,
412 3516 506 3602 plebs
530 3520 673 3580 montem
697 3536 824 3580 sacrum
846 3515 945 3600 prius,
971 3515 1084 3580 deinde
