2458 3934
170 189 234 253 178
529 183 578 237 ua
596 182 839 238 numanum

169 332 344 418 quaeritur.
383 329 440 415 Ut,
464 330 493 394 si
514 333 701 412 magnetem
723 328 866 413 lapidem
888 349 959 394 esse
981 329 1097 412 dicam,
1122 328 1172 413 qui

168 422 292 486 ferrum
321 418 363 483 ad
389 439 424 482 se
452 417 585 482 adliciat
611 421 645 481 et
667 417 829 500 attrahat,
858 416 1034 500 rationem,
1066 439 1122 482 our
1142 415 1173 480 id

169 510 237 590 fiat,
260 507 386 571 adferre
407 527 575 590 nequeam,
597 505 669 568 fieri
686 504 819 570 omnino
836 526 945 590 neges,
981 503 1077 580 Quod
1093 505 1174 569 idem

168 597 249 661 facis
275 595 312 659 in
339 593 550 677 divinatione,
578 615 676 677 quam
703 595 737 658 et
763 593 924 658 cernimus
946 593 1011 677 ipsi
1035 596 1070 657 et
1093 593 1174 656 audi·

170 706 242 748 mus
265 686 299 746 et
320 681 459 766 legimus
482 685 516 745 et
537 703 558 744 a
574 681 723 766 patribus
742 681 933 765 accepimus.
969 679 1085 765 Neque
1103 685 1173 745 ante
1196 677 1213 756 sl

169 769 412 858 philosophiam
432 767 639 854 patefactam,
662 791 744 853 qnae
761 791 866 854 nuper
882 769 1016 834 inventa
1036 773 1098 852 est,
1119 769 1175 832 hac
1212 803 1213 808 κ

171 860 210 924 de
232 882 267 924 re
290 858 469 924 communis
491 858 562 922 vita
584 856 755 940 dubitavit,
777 860 820 939 et,
842 861 1060 940 posteaquam
1077 857 1175 942 philo
1212 874 1213 908 l

172 948 287 1034 sophia
313 947 485 1031 processit,
514 965 609 1009 nemo
636 946 732 1009 aliter
758 944 974 1030 philosophus
1002 947 1120 1028 sensit,
1145 943 1176 1008 in
1212 943 1213 1038 J

119 1051 153 1100 8‘1
172 1058 235 1121 quo
265 1035 361 1100 modo
391 1037 477 1098 esset
507 1033 693 1098 auctoritas.
737 1031 816 1096 Dixi
842 1033 881 1097 de
906 1032 1113 1118 Pythagora,
1141 1032 1175 1096 de

170 1123 367 1206 Democrito,
390 1122 429 1186 de
447 1119 588 1204 Socrate,
610 1121 721 1205 excepi
743 1120 782 1184 de
806 1120 949 1204 antiquis
968 1125 1102 1205 praeter
1120 1119 1206 1184 xeo

170 1211 355 1296 nophanem
376 1210 547 1293 neminem,
570 1209 701 1273 adiunxi
719 1212 862 1274 veterem
880 1207 1104 1294 Academiam,
1125 1207 1175 1272 Pe
1212 1269 1213 1308 ,

170 1299 369 1384 ripateticos,
383 1295 523 1380 Stoicos3
540 1318 623 1362 unus
638 1297 789 1360 dissentit
802 1295 972 1380 Epicurus.
1004 1295 1093 1373 Quid
1106 1317 1175 1362 vero
1212 1317 1213 1366 l

171 1387 233 1452 hoo
260 1385 400 1469 turpius,
428 1406 525 1467 quam
553 1385 640 1469 quod
666 1384 752 1448 idem
773 1385 900 1449 nullam
923 1389 1036 1450 censet
1060 1383 1175 1472 gratui-

171 1478 242 1539 tam
264 1494 334 1538 esre
356 1471 535 1537 virtutem?

119 1565 164 1630 40
238 1560 317 1637 Quis
340 1564 391 1625 est
409 1564 526 1644 autem,
549 1582 645 1645 quem
662 1581 729 1624 non
746 1565 877 1626 moveat
894 1561 1098 1626 clarissumis
1116 1573 1204 1624 mot

171 1650 335 1716 numentis
362 1652 485 1714 testata
507 1649 762 1733 consignataque
785 1649 986 1733 antiquitas?
1025 1648 1175 1714 Calchan-

135 1795 143 1806 .
172 1743 239 1804 tem·
266 1759 423 1824 augonem
445 1736 560 1802 scribit
580 1736 742 1800 Homerus
765 1737 863 1822 longe
886 1741 1074 1822 optumum,
1098 1759 1174 1802 eum·

173 1849 234 1912 que
253 1827 367 1891 ducem
384 1824 536 1890 classium
553 1823 654 1888 fuisse
672 1824 714 1888 ad
726 1823 833 1909 Ilium,
852 1824 1074 1910 auspiciorum
1088 1825 1173 1891 eredo

121 1927 155 1977 88
174 1914 319 1996 scientia,
339 1934 407 1977 non
428 1913 581 1977 locorum.
617 1910 853 1995 Amphilochus
877 1916 910 1976 et
931 1912 1069 1997 Mopsus
1089 1912 1174 1996 Argi·

172 2024 287 2068 vorum
314 2021 408 2086 reges
430 1999 574 2082 fuenmt,
601 2000 658 2064 sed
678 1999 777 2064 iidem
800 2021 952 2086 augures,
978 2001 1070 2084 iique
1092 1999 1202 2065 urbica

172 2089 207 2154 in
231 2110 293 2152 ora
315 2088 491 2152 marituma
513 2086 644 2152 Ciliciae
668 2086 807 2153 Graecas
829 2088 1057 2174 condiderunt;
1085 2093 1173 2172 atque

173 2176 272 2241 etiam
300 2179 375 2239 ante
402 2174 464 2240 hos
487 2173 704 2259 Amphiaraus
728 2175 924 2240 etli1esias
950 2197 1018 2241 non
1041 2177 1173 2242 humiles

173 2267 206 2330 et
229 2263 358 2328 obscuri
379 2284 483 2346 neque
505 2285 617 2328 eorum
639 2263 771 2346 similes,
794 2267 833 2327 ut
854 2265 939 2350 apud
956 2265 1103 2331 lllnnium
1121 2267 1172 2346 est,

217 2349 291 2427 Qui
312 2351 371 2415 sui
395 2354 580 2435 quaestus
603 2355 720 2415 causa
741 2350 860 2416 fictas
884 2352 1081 2419 suscitant
1099 2373 1172 2418 sen-

929 2441 1092 2524 te‘ntias,

173 2529 229 2592 sed
251 2527 332 2593 clari
355 2531 388 2591 et
409 2529 613 2612 praestantes
635 2527 707 2611 riri,
730 2528 786 2612 qui
808 2528 921 2592 avibus
945 2532 979 2592 et
1002 2529 1107 2614 signis
1125 2527 1200 2592 ads

173 2615 290 2680 moniti
306 2615 422 2680 ¹futura
445 2615 607 2697 dicebant3
630 2637 768 2699 quorum
790 2614 829 2680 de
852 2616 954 2680 altero
973 2616 1076 2682 etiam
1094 2614 1172 2702 apud
1212 2639 1213 2714 p

172 2703 293 2768 inferos
316 2701 478 2767 Homerus
506 2703 553 2766 ait
580 2701 718 2768 ‘solum
746 2725 895 2789 sapere,
921 2707 1076 2770 ceteros
1103 2726 1171 2768 um·
1212 2727 1213 2766 l

172 2791 327 2855 brorum
349 2791 485 2875 vagari
508 2789 647 2874 modo'3
670 2789 906 2876 Amphiaraum
929 2794 1038 2856 autem
1057 2793 1106 2858 sic
1122 2792 1170 2855 ho·
1212 2779 1213 2852 l

172 2878 302 2941 noravit
319 2877 409 2942 fama
422 2877 584 2962 Graeciae,
608 2877 685 2943 deus
702 2882 741 2943 ut
758 2879 941 2964 haberetur,
963 2882 1062 2964 atque
1081 2884 1117 2946 ut
1135 2878 1170 2942 ab

121 2977 155 3027 89
174 2965 241 3029 eius
261 2964 341 3047 solo,
358 2965 393 3028 in
411 2987 474 3049 quo
489 2969 539 3030 est
552 2966 714 3050 humatus,
733 2968 842 3032 oracla
855 2971 1048 3052 peterentur.
1073 2965 1200 3044 Quidro

174 3051 271 3117 Asiae
298 3073 355 3115 rex
376 3051 525 3118 Priamus
552 3075 657 3120 nonne
680 3058 714 3120 et
735 3053 896 3120 Helenum
917 3055 1022 3121 filium
1047 3060 1081 3121 et
1102 3055 1170 3120 Cas
1212 3063 1213 3156 l

173 3141 326 3206 sundram
347 3138 451 3204 filiam
474 3141 655 3208 divinantes
677 3142 833 3226 habebat,
861 3144 1000 3208 alterum
1022 3142 1168 3230 auguriis,
1212 3187 1213 3250 ,

174 3230 311 3294 alteram
333 3228 452 3293 mentis
470 3228 659 3294 incitatione
678 3234 711 3295 et
728 3231 929 3317 permotione
947 3231 1079 3298 divina?
1105 3230 1168 3306 Quo
1212 3254 1213 3300 l

172 3315 207 3379 in
230 3337 347 3402 genere
365 3315 504 3381 Marcios
528 3319 685 3401 quosdam
706 3317 835 3404 fratres,
856 3319 965 3384 nobili·
980 3319 1054 3386 loco
1072 3323 1168 3397 natos,
1212 3301 1213 3396 l

175 3403 260 3485 apud
279 3403 417 3468 maiores
439 3405 569 3467 nostros
592 3403 692 3469 foisse
711 3406 867 3492 scriptum
885 3407 1041 3472 videmus.
1072 3404 1167 3483 Quid?
1178 3411 1213 3456 ’Μ

173 3488 345 3572 Polyidum
360 3487 565 3554 Corinthium
584 3513 690 3557 nonne
703 3492 865 3560 Homerus
883 3499 917 3560 et
933 3496 1006 3561 aliis
1021 3497 1123 3562 multa
1139 3493 1167 3555 et
