2478 3936
153 150 197 212 44
303 134 305 138 ’
461 147 510 203 nn
528 147 681 202 urruns
700 146 855 201 nnonuu

154 293 277 358 tionem
305 296 338 357 et
364 291 618 358 benivolentiam
646 291 782 376 ponitis!
828 288 876 355 Ut
904 289 989 354 enim
1011 290 1166 354 omittam

153 381 221 445 vim
244 384 277 445 et
298 383 450 444 naturam
473 380 614 462 deorum,
636 400 678 444 ne
700 379 848 444 homines
869 377 1166 462 quidemcensctis,
1216 383 1217 432 ἓ

154 469 218 534 nisi
253 468 397 533 inbecilli
429 471 549 551 essent,
585 467 713 532 futuros
746 467 907 532 beneficos
940 469 973 531 et
1004 466 1166 551 benignos
1216 495 1217 500 ¹

155 557 276 622 fuisse?
313 555 415 621 Nulla
438 560 488 621 est
510 555 630 620 caritas
652 556 813 620 naturalis
836 555 922 618 inter
940 553 1069 618 bonos?
1101 552 1167 618 Ga·
1216 557 1217 566 ’

155 667 236 710 rum
258 645 366 729 ipsum
389 645 524 709 verbum
547 646 597 708 est
620 643 752 727 amoris,
775 665 815 707 ex
838 664 901 726 quc
925 642 1092 706 amicitiae
1114 662 1168 705 nc·
1191 658 1202 698 5

155 755 230 798 men
258 736 308 797 est
335 731 481 815 ductum3
508 754 606 816 quam
635 731 663 796 si
686 731 728 795 ad
748 730 891 796 fructum
912 734 1067 794 nostrum
1090 728 1168 793 refe·
1216 735 1217 744 ’

155 843 276 905 remus,
302 840 369 885 non
391 820 434 884 ad
451 819 541 885 illius
565 819 746 902 commoda,
771 841 867 903 quem
890 818 1081 904 diligemus,
1104 839 1169 882 non
1216 835 1217 844 ¹

156 909 218 974 erit
243 909 310 974 ista
332 908 490 991 amicitia,
518 907 575 972 sed
597 910 780 973 mercatura
803 906 961 991 quaedam
983 906 1169 971 utilitatum

157 1019 296 1062 suarum.
332 995 433 1061 Prata
456 999 489 1060 et
511 1018 591 1061 arva
613 998 646 1060 et
667 995 827 1080 pecudum
850 1015 965 1080 greges
985 994 1169 1080 diligrmtur
1216 1033 1217 1048 η

156 1085 221 1149 isto
249 1085 359 1167 modo,
390 1083 476 1167 quod
502 1084 627 1148 fructus
656 1105 695 1147 ex
717 1083 758 1147 iis
782 1084 967 1167 capiuntur,
996 1083 1168 1147 hominum
1181 1098 1217 1152 ιο,

157 1173 277 1238 caritas
301 1176 334 1236 et
357 1171 501 1236 amicitia
524 1171 670 1257 gratuita
693 1175 751 1236 est,
788 1171 917 1246 Quanto
939 1171 1044 1256 igitur
1062 1170 1168 1256 magis

158 1261 303 1340 deorum,
336 1260 391 1343 qui
420 1258 512 1322 nulla
533 1281 568 1323 re
592 1263 724 1344 egentes
748 1263 781 1323 et
803 1260 889 1324 inter
911 1281 945 1324 se
968 1259 1116 1344 diligunt
1138 1260 1170 1321 et
1216 1303 1217 1340 5

157 1347 343 1412 hominibus
373 1347 560 1412 consuluntl
606 1347 690 1422 Quid
715 1348 751 1412 ni
777 1348 825 1411 ita
853 1347 908 1431 sit,
936 1347 1013 1432 quid
1037 1368 1169 1412 venera-

158 1457 244 1518 mur,
272 1434 349 1518 quid
372 1455 541 1519 precamur
564 1434 662 1500 dees?
694 1457 752 1500 cur
775 1436 875 1501 sacris
898 1435 1086 1520 pontifices,
1114 1455 1169 1501 cur
1216 1459 1217 1462 ¹

159 1522 310 1608 auspiciis
339 1543 478 1608 augures
505 1524 682 1607 praesunt?
712 1523 790 1607 quid
812 1527 963 1608 optamus
986 1545 1006 1590 a
1029 1523 1101 1588 deis
1124 1523 1168 1586 in·
1180 1536 1201 1578 1⁵

157 1611 374 1678 mortalibus?
398 1611 476 1694 quid
496 1611 691 1676 vovemus?⁴
719 1612 765 1676 At
789 1612 889 1677 etiam
911 1612 996 1677 liber
1018 1616 1071 1676 est
1094 1611 1169 1694 Epi·

107 1715 156 1764 123
172 1699 242 1766 curi
264 1699 302 1764 de
326 1699 507 1764 sanctitate.
544 1699 701 1764 Ludimur
723 1699 765 1764 ab
787 1700 918 1764 homine
940 1721 1007 1764 non
1029 1703 1102 1764 tam
1124 1699 1169 1762 la·

158 1792 230 1853 ceto
254 1810 352 1872 quam
375 1787 416 1852 ad
439 1787 599 1852 scribendi
621 1787 788 1853 licentiam
810 1788 923 1854 libero.
968 1787 1058 1863 Quae
1082 1787 1168 1853 enim
1216 1787 1217 1822 l

157 1879 268 1961 potest
287 1897 357 1940 esse
376 1875 542 1958 sanctitas,
562 1875 591 1939 si
608 1875 659 1939 dei
678 1875 821 1941 humana
838 1897 905 1940 non
923 1877 1062 1941 curant?
1087 1895 1168 1960 quae

159 1967 269 2028 autem
292 1963 439 2028 animans
460 1967 580 2028 natura
597 1963 681 2028 nihil
699 1965 837 2028 curans?
860 1963 978 2028 Verius
997 1968 1049 2029 est
1066 1964 1168 2051 igitur
1180 1979 1202 2019 2⁰

157 2051 311 2117 nimirum
338 2050 434 2134 illud,
462 2050 549 2135 quod
574 2051 746 2117 familiaris
770 2052 915 2117 omnium
935 2055 1087 2116 nostrum
1110 2051 1169 2116 Po·

67 2211 71 2220 ¹
159 2138 303 2203 sidonius
332 2137 484 2202 disseruit
510 2139 546 2202 in
572 2139 657 2204 libro
686 2140 799 2224 quinto
823 2139 1002 2207 denatura
1025 2140 1168 2222 deornm,

43 2255 48 2264 ·
157 2227 267 2292 nullos
299 2247 368 2290 esse
399 2226 476 2292 deos
491 2225 639 2311 ¹Epicuro
666 2227 782 2310 videri,
812 2249 957 2312 quaeque
983 2229 1012 2292 is
1036 2229 1077 2293 de
1102 2228 1168 2293 deis

159 2315 389 2381 inmortalibus
422 2315 551 2399 dixerit,
582 2314 722 2380 invidiae
751 2316 959 2382 detestandae
987 2317 1099 2402 gratia
1126 2315 1169 2379 di·

159 2405 253 2469 xisse.
298 2402 412 2487 Neque
435 2402 521 2467 enim
544 2407 615 2468 tam
638 2403 797 2488 desipiens
820 2404 950 2488 fuisset,
972 2408 1011 2470 ut
1032 2404 1201 2470 homan-2⁵

159 2493 225 2557 culi
248 2490 387 2556 similem
411 2490 506 2556 deum
528 2491 679 2576 fingeret,
702 2491 901 2556 liniamentis
925 2493 1094 2557 dumtaxat
1119 2515 1168 2557 ex-

158 2580 281 2663 tremis,
305 2601 371 2645 non
389 2579 505 2644 habitu
524 2579 637 2663 solido,
660 2580 815 2645 membris
829 2581 969 2646 hominis
984 2580 1167 2666 praeditum

160 2669 320 2752 omnibus,
342 2689 403 2732 usu
426 2667 646 2732 membrorum
667 2689 709 2732 ne
731 2668 866 2733 minimo
890 2669 1028 2753 quidem,
1051 2669 1167 2734 exilem

158 2755 668 2929 tltdgntttdttltt
681 2756 944 2910 tltttttl
960 2758 1202 2932 litum

499 2894 508 2927 7

158 2937 235 2996 tem.
281 2929 369 3005 Quae
395 2934 514 2996 natura
540 2932 683 3017 primum
709 2933 802 2997 nulla
829 2954 899 2998 esse
921 2896 1043 3018 pdtest,
1071 2935 1167 3019 idque

159 3019 272 3086 videns
305 3017 466 3102 Epicurus
502 3041 538 3084 re
569 3020 673 3103 tollit,
708 3020 855 3086 oratione
890 3022 1046 3106 relinquit
1078 3022 1168 3104 de0s3

109 3120 161 3170 124
175 3107 298 3190 deinde,
318 3107 346 3172 si
364 3107 503 3172 maxime
522 3108 599 3172 talis
618 3108 770 3192 estdcus,
786 3110 929 3174 utnulla
944 3110 1058 3197 gratia,
1076 3111 1168 3175 nulla

160 3195 329 3261 hominum
356 3195 493 3261 caritate
516 3199 678 3280 teneatur,
705 3198 828 3280 valeat3
856 3197 933 3281 quid
956 3198 1041 3262 enim
1064 3199 1167 3264 dicam

158 3283 336 3369 ‘propitius
365 3283 448 3349 sit'?
491 3283 574 3348 Esse
602 3283 687 3349 enim
714 3285 875 3369 propitius
902 3290 1012 3371 potest
1037 3286 1201 3369 neminifll

157 3371 320 3456 quoniam,
342 3374 380 3436 ut
403 3371 521 3454 dicitis,
545 3371 651 3436 omnis
673 3371 708 3436 in
730 3372 944 3438 inbecillitate
967 3377 1073 3439 estet
1096 3396 1165 3460 gra-

156 3460 205 3520 tia
227 3463 261 3524 et
283 3459 410 3525 caritas.

555 3549 713 3556 -.-...--......--.
719 3549 766 3556 ...u-
