2458 3934
290 190 356 246 mu.
376 190 396 245 1.
417 189 493 246 cAP.
513 195 625 246 oo-oe.
645 195 660 256 s
680 195 828 247 115-120.
996 192 1059 256 189

70 333 204 420 singulis.
246 333 335 399 Haeo
367 334 396 400 si
426 337 588 417 tenemus,
620 355 702 417 quee
729 333 811 398 mihi
839 333 968 419 quidem
995 357 1061 400 non

68 422 205 488 videntur
226 443 322 507 posse
345 421 498 505 convelli,
519 420 666 506 profecto
689 421 875 487 hominibus
899 445 919 488 e
941 422 990 488 dis
1012 422 1061 488 fu·

68 514 131 575 turo
153 509 329 595 significari
351 530 481 575 necesse
504 513 563 575 est.
599 506 662 574 Sed
685 509 949 596 distinguendum
967 491 1114 619 vide-151}

67 602 120 682 tur,
141 619 282 683 quonam
304 596 409 662 modo.
453 595 541 663 Nam
562 619 628 663 non
650 598 759 683 pluoet
781 597 899 664 Stoicis
922 599 1061 685 singulis

48 686 196 751 tiooorum
231 685 318 751 fissis
355 689 412 750 aut
445 685 553 751 avium
585 686 733 751 cantibus
763 686 921 752 interesse
953 687 1062 772 <leum3

65 795 156 858 neque
188 774 275 839 enim
308 773 458 839 decorum
488 777 538 839 est
568 795 628 839 neo
660 774 709 840 dis
742 774 877 860 dignum
904 795 963 840 nee
990 775 1063 840 lieri

66 862 122 928 ullo
143 866 242 947 paeto
264 865 389 946 potest,
412 861 468 926 sed
489 861 538 927 ite
560 884 581 927 e
601 862 762 947 principio
784 862 974 928 inchoatum
991 884 1062 928 osso

66 950 223 1035 muudum,
255 953 294 1014 ut
319 949 417 1014 certis
444 949 540 1014 rebus
568 954 657 1014 certa
686 951 781 1034 signe
809 955 1062 1035 praecurrerent,

66 1037 120 1102 elia
154 1039 192 1103 in
226 1037 326 1121 extis,
363 1037 428 1102 alie
463 1037 498 1102 in
534 1038 662 1122 avibus,
698 1038 764 1104 ulie
799 1037 835 1102 in
868 1037 1062 1123 fulgoribus,

38 1126 121 1192 uelis
153 1126 189 1192 in
221 1125 375 1209 ostentis,
410 1124 476 1191 alie
511 1125 544 1190 in
581 1126 700 1210 stellis,
738 1125 804 1192 ulie
834 1126 870 1190 in
901 1126 1062 1191 somnien-

65 1214 135 1278 tium
168 1213 265 1298 visis,
302 1213 367 1278 alia
397 1213 433 1278 in
462 1212 639 1279 furentium
670 1214 813 1281 vocibus.
863 1213 914 1280 Ee
946 1214 1062 1298 quibus

65 1302 135 1368 bene
156 1305 313 1388 percepto
335 1305 420 1385 sunt,
441 1300 466 1366 ii
487 1323 554 1367 non
577 1324 672 1387 saepe
690 1302 865 1387 falluntur,
887 1303 973 1368 mele
991 1324 1064 1368 oon·

65 1389 138 1456 ieete
160 1391 313 1474 maleque
331 1389 547 1474 interpretato
563 1390 650 1455 false
668 1395 743 1456 sunt
762 1413 829 1457 non
847 1413 955 1456 rerum
973 1391 1063 1475 viti0,

66 1479 113 1542 sed
136 1479 356 1563 interpretum
382 1477 562 1544 inscientia.
603 1478 675 1544 Hoo
702 1483 812 1544 autem
834 1479 942 1563 posito
966 1483 1064 1564 atque

38 1582 55 1622 1⁵
65 1587 216 1650 oonoesso,
242 1587 312 1630 esse
336 1565 497 1650 quandem
519 1566 586 1632 vim
609 1566 752 1632 divinem
775 1566 943 1631 hominum
960 1567 1062 1632 vitem

65 1656 285 1738 eontinentem,
306 1675 372 1719 non
391 1653 521 1720 difficile
540 1658 599 1737 est,
618 1675 699 1737 quae
717 1654 789 1718 fieri
806 1658 894 1719 uerte
910 1653 1064 1739 videmus,

65 1763 97 1807 ee
120 1766 184 1828 qua
207 1743 336 1807 ratione
358 1742 453 1824 fient,
481 1742 647 1827 suspicari.
692 1739 779 1808 Nam
802 1744 836 1806 et
858 1741 899 1805 ad
921 1741 1064 1806 hostiam

66 1830 261 1917 deligendam
279 1833 388 1914 potest
407 1829 470 1894 dux
489 1851 559 1895 esse
573 1830 622 1895 vis
638 1829 795 1913 quaedem
809 1829 961 1912 sentiens,
982 1851 1064 1912 quoe

65 1923 108 1983 est
125 1923 197 1985 toto
216 1917 353 1984 confuse
370 1918 499 2002 mundo,
523 1922 556 1983 et
573 1921 644 1983 tum
661 1918 778 2004 ipsum,
803 1940 876 1984 oum
893 1917 1064 1983 immolare

38 2007 147 2092 uvolis,
176 2011 327 2073 extorum
353 2006 424 2071 fieri
446 2005 585 2072 mutatio
607 2010 731 2091 potest,
758 2010 796 2072 ut
818 2010 875 2071 eut
898 2005 985 2071 absit
1008 2006 1064 2070 eli-

65 2096 132 2177 quid
149 2099 209 2161 aut
224 2093 379 2178 supersit3
400 2094 511 2179 parvis
531 2095 616 2159 enim
635 2095 808 2160 momentis
828 2095 931 2160 multe
946 2098 1065 2160 nature

66 2187 113 2247 eut
135 2183 275 2268 adfingit
298 2185 354 2247 eut
376 2185 483 2246 mutet
506 2186 563 2247 eut
586 2183 737 2248 detrabit.
782 2181 938 2258 Quodne
962 2182 1115 2248 dubi-119

66 2273 126 2336 tare
156 2271 337 2358 possimus,
368 2270 509 2334 maximo
540 2273 589 2335 est
617 2275 823 2357 argumento,
853 2271 939 2356 quod
965 2272 1063 2355 paulo
1132 2341 1135 2348 Ι

66 2362 131 2424 ente
153 2359 326 2424 interitum
344 2355 491 2426 Caesaris
514 2359 663 2444 contigit.
700 2359 763 2435 Qui
783 2381 858 2424 oum
878 2359 1065 2424 immolaret

37 2446 116 2512 eillo
138 2448 199 2533 die,
223 2469 287 2531 quo
310 2445 451 2531 primum
473 2446 508 2510 in
531 2447 613 2511 selle
631 2468 729 2511 auree
747 2447 831 2512 sedit
848 2450 883 2510 et
900 2467 974 2511 oum
991 2468 1065 2530 pur·

66 2557 157 2617 poree
183 2537 277 2601 veste
303 2534 476 2619 prooessit,
503 2533 538 2599 in
565 2535 648 2599 extis
675 2534 769 2599 bovis
798 2533 900 2618 opimi
923 2555 978 2599 eor
999 2555 1066 2599 non

66 2621 127 2688 fuit
172 2622 262 2689 Num
284 2622 387 2708 igitur
410 2641 520 2688 censes
542 2623 646 2687 ullum
670 2621 804 2704 animal,
828 2620 914 2705 quod
937 2622 1065 2707 sangui-

66 2730 131 2775 nem
152 2712 285 2794 habeat,
309 2710 377 2776 sine
400 2710 495 2776 eorde
516 2731 586 2775 esse
604 2710 722 2795 posse?
745 2708 853 2793 †Que
870 2709 927 2774 ille
945 2709 993 2773 rei
1010 2730 1065 2774 no·

67 2796 161 2868 vitute
184 2799 362 2886 perculsus,
384 2820 458 2864 oum
471 2796 634 2883 Spurinna
652 2797 771 2864 dieeret
789 2796 967 2862 timendum
986 2819 1066 2883 esse,

39 2897 101 2949 wne
127 2892 160 2952 et
182 2887 355 2953 eonsilium
378 2887 503 2952 etrite
526 2885 688 2970 deficeret,
715 2907 826 2951 eurum
849 2885 936 2952 enim
957 2908 1066 2951 rerum

68 2977 231 3060 utramque
263 2998 283 3040 a
314 2973 408 3040 eorde
439 2974 608 3059 proficisci.
653 2973 789 3040 Postero
822 2973 873 3039 die
904 2978 1002 3060 eaput
1031 2975 1066 3038 in

67 3059 164 3128 iecore
190 3085 257 3129 non
282 3061 355 3128 fuit.
401 3060 488 3138 Quae
516 3061 645 3146 quidem
674 3062 725 3127 illi
747 3063 1023 3148 portendebantur
1046 3083 1085 3126 u·

68 3147 111 3214 dis
127 3151 378 3235 immortalibus,
399 3154 437 3215 ut
453 3150 578 3215 videret
595 3149 772 3234 interitum,
794 3171 860 3216 non
878 3154 916 3215 ut
929 3151 1065 3215 caveret.

69 3233 143 3303 Cum
165 3240 268 3325 igitur
291 3260 346 3304 eae
368 3241 479 3323 partes
501 3238 536 3302 in
559 3237 641 3302 extis
663 3260 730 3304 uon
751 3240 969 3323 reperiuntur,
997 3235 1065 3300 sine

39 3325 177 3408 ³⁵quibus
208 3328 352 3393 victuma
382 3327 441 3390 ille
467 3325 574 3391 vivere
601 3327 780 3411 nequisset,
811 3323 1065 3409 intellegendum

70 3417 114 3477 est
134 3415 169 3479 in
190 3415 262 3501 ipso
281 3413 515 3480 immolationis
534 3417 680 3498 tempore
699 3435 753 3479 eos
772 3415 892 3497 portes,
912 3433 993 3495 quae
1011 3411 1066 3476 eb·
1076 3462 1118 3526 53

70 3499 137 3587 sint,
156 3503 314 3569 interisse.
345 3501 532 3586 Eademque
545 3501 645 3567 efficit
657 3501 693 3567 in
706 3500 820 3567 eribus
835 3499 1119 3587 divinemens,120
