2452 3938
176 173 242 240 270
472 170 522 224 DE
540 170 634 226 FATO
660 169 893 226 FRAGMENTA.

168 337 249 400 pam
271 336 387 399 qnoque
402 315 620 399 philosopham
640 334 704 380 non
725 315 878 396 expedisse
898 334 930 381 sc
950 316 986 380 in
1006 335 1043 380 ea
1063 317 1104 380 ait
1122 315 1167 382 lis

174 405 289 472 verbm:
308 403 509 489 Chrysippus
524 407 676 468 aestuans
690 402 918 488 laboransque,
937 425 1074 488 quonam
1085 410 1167 486 paolo

175 492 313 578 explicet
336 496 369 558 et
390 491 460 558 fato
485 492 594 558 omnia
615 490 700 576 fieri,
727 494 760 556 et
783 512 854 556 esse
876 491 1001 576 aliquid
1021 491 1055 556 ιιι
1075 493 1167 576 nobis,

174 580 347 646 intricatur
369 580 431 646 hoo
454 580 559 646 modo.
1209 583 1210 628 l

242 670 273 735 2.
294 669 420 736 Semina
441 669 485 734 acl
511 667 622 751 Verpll.
644 667 723 733 Aca.
745 665 812 732 III
830 671 895 734 376
917 668 1064 750 aalaitanc
1083 667 1188 753 manli

175 757 311 840 definitio
338 756 402 838 fati
429 757 594 822 semndma
624 755 775 834 Tulliam,
809 756 863 838 qai
889 756 951 820 ait:
987 754 1102 821 Fatum
1126 761 1169 820 est

176 845 308 912 conexio
340 866 449 910 rerum
479 865 539 930 per
566 842 795 909 aeternitatem
826 865 861 908 se
889 843 1031 909 invicem
1059 848 1169 926 tenens,

176 956 258 1018 quae
281 955 340 1000 suo
364 932 475 1005 ordine
498 936 531 997 et
552 932 624 1017 lege
646 931 806 1016 variatur,
832 931 882 997 ita
903 935 1029 1017 tamen,
1051 937 1088 998 at
1106 933 1169 1018 ipsa

175 1023 280 1088 variet
266 1027 318 1088 tas
340 1021 461 1087 habeat
483 1020 621 1086 aeternit
623 1023 719 1084 a.tem

242 1112 272 1176 3.
294 1111 460 1193 Anpnntin.
482 1109 519 1174 dc
539 1109 595 1174 cio.
616 1108 666 1174 dei
689 1107 755 1174 Vs
775 1105 835 1173 Illi
855 1127 973 1192 qaoque
994 1128 1096 1176 aaran
1111 1108 1211 1180 Hau

175 1199 281 1265 meriti
306 1198 378 1263 lam
398 1196 563 1262 sententiae
583 1195 812 1280 saffrapantan
839 1216 914 1278 qnos
937 1195 1075 1264 (linaro
1061 1217 1097 1262 m
1115 1197 1170 1320 La

177 1288 277 1352 limam
298 1285 404 1350 vertit:

220 1373 334 1439 Tales
353 1375 442 1438 sunt
427 1371 655 1437 thominum
672 1375 832 1456 mentes,
851 1372 958 1456 quali
976 1373 1171 1458 pateripse

220 1461 397 1546 Iuppiter
419 1463 508 1526 auct
494 1459 633 1524 tiferas
656 1459 844 1525 lustravit
866 1460 1012 1527 lumine
1035 1465 1161 1528 terras.

175 1550 265 1635 (Vm.
286 1570 363 1632 seqq.
387 1553 416 1614 et
437 1552 532 1614 toan
554 1568 619 1630 cap.
642 1554 663 1614 9
685 1549 817 1614 eamdem
840 1549 921 1613 latm
917 1548 938 1631 )
1107 1564 1113 1576 “
1181 1565 1198 1603 1⁵

242 1639 273 1704 4.
300 1638 381 1721 Any.
408 1637 445 1704 dc
470 1638 524 1703 cia.
551 1637 600 1702 dai
627 1636 699 1702 Va
721 1635 824 1702 Oimro
851 1638 927 1701 imit
952 1625 1212 1721 Hmpooratna

176 1727 401 1794 nobilissimam
422 1725 580 1807 medicam,
601 1725 749 1809 saraptam
770 1724 930 1807 reliqnmse
950 1728 1100 1808 quosdam
1113 1726 1171 1805 sra-

177 1821 250 1894 tres,
279 1834 349 1880 mim
377 1814 471 1880 simnl
499 1773 656 1895 aemiliam
685 1813 850 1895 coepissem
875 1817 905 1877 et
928 1833 1034 1879 eornm
1063 1814 1172 1880 mcrtm

176 1863 277 1970 aneia
308 1907 439 1985 tempore
469 1903 698 1984 inpraacsocrct,
674 1901 831 1966 toaclam
858 1901 1020 1986 levaremr,
1049 1903 1172 1985 pominos

176 1979 488 2073 salamancam
506 1988 691 2054 Posidonius
707 1988 828 2054 satan
849 1990 983 2054 maltam
1004 1991 1198 2073 anonymo

176 2080 295 2144 deditis
330 2077 434 2142 mdcm
468 2077 598 2142 constitu
576 2077 679 2142 atione
709 2081 865 2143 astrorum
899 2082 990 2144 natos
1025 2081 1172 2160 mamam

177 2169 330 2247 mnceptos
356 2163 470 2230 solebat
494 2183 634 2230 asserere.
678 2165 745 2243 Ita,
772 2166 853 2247 qnod
877 2165 1012 2232 mediam
1032 2168 1173 2250 patinam
1212 2241 1213 2244 Ἴ

177 2253 314 2320 madebat
339 2253 383 2318 ml
406 2251 601 2318 simillimam
623 2253 796 2336 tempermm
816 2253 1015 2334 valetudinis,
1042 2255 1109 2321 lica
1113 2253 1169 2338 pli

178 2340 319 2425 losoplns
349 2340 519 2424 astroloym
549 2341 593 2406 cd
621 2341 685 2406 mm
715 2341 1016 2425 constitutionemque
1041 2345 1171 2422 sidenem

177 2450 255 2515 qnae
275 2429 388 2512 fuerat,
410 2449 469 2512 qno
491 2433 621 2510 tempore
642 2430 773 2511 concepti
793 2429 919 2512 natt'qac
939 2435 1021 2496 snat.
1182 2441 1199 2482 2⁵

244 2518 275 2586 5.
307 2518 487 2585 Macrobius
508 2515 669 2583 Satnmal.
691 2515 759 2582 ΙΙΙ
776 2521 825 2582 16.
847 2523 870 2584 3
890 2537 934 2601 sq.
961 2518 1008 2584 Et
1031 2539 1071 2586 nc
1096 2519 1173 2585 alm

177 2608 219 2674 sit
241 2608 324 2672 testis
340 2611 441 2690 poca,
461 2605 587 2687 conicite
604 2605 756 2670 adsertore
773 2602 923 2684 Oiceronc,
944 2607 980 2671 in
997 2627 1058 2690 qam
1075 2608 1173 2674 tonora

175 2696 271 2777 faerit
292 2694 341 2760 hia
357 2694 454 2777 piscis
476 2694 562 2775 amiel
581 2692 619 2758 P.
641 2691 816 2775 Scipionem
832 2693 1024 2775 Africanam
1046 2697 1174 2762 alana

176 2783 321 2848 Namamt
319 2784 416 2847 inam.
451 2781 540 2846 Ham
560 2785 638 2846 sunt
621 2781 691 2846 tin
711 2781 832 2865 ‹lialopo
854 2783 891 2846 cle
909 2782 977 2862 fato
995 2784 1087 2850 verba
1104 2782 1172 2850 cia

176 2871 280 2935 nonis:
307 2868 395 2935 Nam
422 2891 495 2934 oum
519 2873 605 2934 esset
629 2868 714 2954 apud
737 2890 771 2933 se
795 2869 836 2934 ad
858 2868 1055 2936 Lavernium
1078 2868 1199 2955 Scipion

176 2977 304 3040 unaque
326 2956 478 3042 Pontus,
501 2957 629 3022 adlatus
653 2960 704 3021 est
689 2956 812 3022 ttfore
779 2955 978 3060 t-Scipioni
1001 2977 1172 3046 acupenser,

178 3045 233 3130 qui
261 3044 434 3108 admodum
456 3066 531 3110 raro
555 3045 695 3130 capitia,
643 3045 851 3110 urtsed
802 3049 851 3110 est
872 3046 987 3131 piscis,
1009 3051 1047 3112 ut
1068 3047 1172 3126 ferunt

177 3134 212 3198 in
229 3132 356 3234 primis
361 3132 463 3197 nobil
454 3154 491 3196 ιε.
523 3131 685 3198 Oumt
629 3157 669 3198 au
671 3095 739 3198 iem
753 3131 859 3218 Scipio
879 3156 980 3200 unum
999 3138 1032 3199 et
1047 3136 1171 3202 alterum

176 3244 216 3286 ex
234 3221 274 3286 iis
275 3221 359 3305 ‚qui
376 3241 450 3285 eum
469 3220 591 3286 salutat
557 3224 648 3286 atum
662 3225 827 3306 venerant,
844 3221 1051 3289 invitavisset
1064 3226 1171 3322 plancs-

178 3331 239 3394 que
272 3308 412 3374 etiam
402 3307 506 3374 mvita
507 3311 599 3374 turus
626 3309 750 3376 videret
736 3313 804 3394 tur,
834 3309 870 3376 in
896 3333 1008 3376 aurem
1035 3310 1199 3378 Ροιιιιιιιιιὃ

178 3395 349 3482 Scipio',
368 3396 488 3481 inquit,
507 3395 608 3462 vide
613 3397 731 3480 quld
749 3419 857 3484 agas,
880 3420 1092 3486 acupenser
1108 3398 1172 3463 vste

176 3507 386 3570 paucorum
408 3484 603 3550 hominum
627 3485 706 3550 est'
