2452 3938
290 200 357 257 LIB.
375 201 410 257 H.
431 200 507 258 GAP.
527 207 639 258 69-72.
659 207 674 268 ξ
694 208 840 259 143-148.
1006 203 1071 268 249

65 344 183 431 spiritu
205 345 333 431 aegroti
354 346 531 430 multisque
553 337 593 410 ex
615 345 689 410 aliis
707 345 818 411 futura
835 347 1073 433 praesentiunt3

65 434 300 520 gubernatores
328 454 400 499 oum
428 433 622 498 exsultantis
649 433 814 520 lolligines
841 435 993 500 viderunt
1015 439 1072 501 aut

65 521 237 606 delphinos
265 543 299 586 se
325 521 360 585 in
387 525 519 606 portum
547 521 753 606 conicientes,
780 526 1009 608 tempestatem
1032 523 1073 588 si-

66 610 214 695 gnificari
230 613 357 694 putant.
389 608 479 675 Haec
497 609 623 676 ratione
642 610 796 695 explicari
815 614 848 676 et
867 611 908 676 ad
919 615 1072 676 naturam

44 698 212 850 “iiim
233 697 327 849 tfiaoile
349 701 496 782 possunt,
518 719 557 763 ea
574 719 661 782 vero,
683 718 767 782 quae
785 699 884 783 paulo
903 703 978 764 ante
997 697 1072 785 dixi,

64 807 85 850 n
134 808 155 851 o
178 807 233 850 mo
256 808 284 850 o.

128 873 178 939 At
200 873 287 938 enim
310 873 495 939 observatio
518 873 670 939 diuturna
688 871 782 958 (haec
801 873 886 939 enirn
904 896 981 959 pars
999 897 1064 940 una
1075 840 1139 966 174}

64 960 183 1048 restat)
202 962 353 1026 notandis
371 960 468 1027 rebus
485 960 564 1027 fecit
584 966 698 1026 artem.
730 960 797 1025 Ain
814 962 966 1028 tandem?
990 983 1073 1027 som-

65 1051 120 1115 nia
157 1049 325 1115 observari
356 1050 515 1135 possunt?
553 1071 694 1134 quonam
725 1049 844 1114 modo?
881 1053 958 1114 sunt
988 1051 1074 1114 enim

33 1157 54 1196 ιο
65 1138 319 1203 innumerabiles
342 1138 526 1203 varietates.
562 1136 655 1202 Nihil
676 1141 746 1202 tam
765 1141 982 1222 praepostere,
1004 1143 1074 1203 tam

66 1225 243 1310 incondite,
268 1229 338 1290 tam
360 1229 564 1291 monstruose
587 1226 726 1312 cogitari
748 1228 872 1312 potest,
900 1226 986 1310 quod
1007 1245 1074 1291 non

65 1315 231 1400 possimus
254 1313 428 1399 somniem
455 1335 520 1398 quo
543 1314 639 1381 modo
662 1314 764 1400 igitur
787 1313 868 1380 haec
889 1314 1018 1380 infinita
1042 1319 1075 1380 et

67 1423 195 1488 semper
221 1422 306 1468 nova
333 1405 390 1466 aut
416 1402 572 1467 memoria
599 1403 759 1487 conplecti
786 1407 844 1468 aut
871 1403 1073 1468 observando

66 1495 182 1556 notare
205 1490 399 1574 possumus?
436 1490 607 1575 Astrologi
629 1494 737 1555 motus
761 1491 939 1556 errantium
963 1492 1074 1556 stella·

32 1598 54 1639 15
66 1601 139 1644 rum
162 1580 370 1662 notaverunt3
392 1578 544 1643 inventus
565 1580 617 1642 est
639 1579 725 1642 enim
748 1579 827 1643 ordo
847 1578 883 1642 in
900 1579 941 1642 iis
960 1579 1075 1661 stellis,

67 1668 123 1753 qui
150 1688 218 1732 non
243 1666 429 1752 putabatur.
470 1665 557 1732 Cedo
584 1666 729 1749 tandem,
757 1665 813 1749 qui
840 1665 885 1728 sit
911 1664 990 1730 ordo
1018 1669 1075 1730 aut

67 1777 151 1841 quae
183 1755 386 1820 concursatio
419 1753 633 1835 somniorum
672 1774 736 1836 quo
766 1752 861 1817 modo
892 1756 1000 1817 autem
1031 1751 1075 1817 di·

68 1844 193 1930 stingui
215 1846 354 1927 possunt
376 1864 453 1907 vera
477 1840 603 1907 somnia
625 1864 645 1906 a
667 1839 783 1906 falsis?
812 1861 884 1906 curn
908 1840 1019 1906 eadem
1043 1844 1076 1905 et

67 1933 142 1998 aliis
162 1931 257 1996 aliter
275 1930 414 1996 evadant
432 1935 465 1994 et
483 1930 586 1994 isdem
605 1951 671 1995 non
690 1950 817 2015 semper
835 1929 947 1994 eodem
965 1929 1076 2014 mod03

31 2038 54 2080 ao
67 2025 105 2085 ut
127 2019 210 2084 mihi
232 2018 349 2084 mirum
371 2015 529 2102 videatur,
552 2040 624 2083 cum
647 2017 792 2083 mendaci
814 2016 940 2082 homini
960 2039 1002 2082 ne
1024 2039 1077 2082 ve-

68 2131 142 2173 rum
166 2107 296 2191 quidem
318 2107 437 2172 dicenti
460 2106 588 2172 credere
611 2107 782 2190 soleamus,
805 2127 868 2190 quo
892 2105 987 2171 modo
1010 2106 1076 2191 isti,

69 2198 99 2263 si
121 2195 285 2261 somnium
308 2216 420 2261 verum
444 2195 548 2260 erasit
570 2195 710 2279 aliquod,
732 2215 800 2259 non
823 2215 862 2259 ex
884 2195 998 2259 multis
1021 2215 1076 2280 po-

68 2286 135 2349 tius
162 2284 219 2348 uni
245 2283 343 2348 fidem
369 2282 527 2369 derogent
553 2303 652 2366 quam
680 2303 718 2347 ex
740 2303 805 2347 uno
828 2282 1077 2348 innumerabilia

67 2373 268 2439 confirment.

31 2478 54 2519 u
136 2458 171 2524 Si
199 2459 301 2545 igitur
327 2479 431 2542 noque
458 2457 537 2524 deus
562 2462 613 2523 est
635 2455 768 2523 effector
790 2457 989 2522 somniorum
1011 2478 1064 2521 ne-
1078 2473 1129 2523 147

68 2571 132 2633 que
158 2552 295 2613 naturae
323 2547 460 2612 societas
487 2546 555 2611 ulla
582 2568 655 2611 oum
683 2544 816 2610 somniis
843 2565 947 2627 neque
971 2546 1078 2609 obser-

68 2636 202 2702 vatione
224 2635 362 2701 inveniri
384 2634 492 2720 potuit
515 2634 659 2717 scientia,
683 2633 831 2698 effectum
854 2636 914 2716 est,
935 2635 974 2697 ut
994 2633 1077 2697 nihil

67 2745 204 2811 prorsus
232 2722 366 2788 somniis
394 2721 601 2787 tribuendum
629 2721 684 2805 sit,
711 2719 904 2808 praesertim
932 2740 1005 2785 cum
1027 2719 1079 2784 illi

66 2814 143 2898 ipsi,
167 2811 223 2896 qui
246 2833 284 2876 ea
306 2811 425 2893 vident,
447 2809 530 2874 nihil
553 2810 708 2893 divinent,
730 2808 763 2892 ii,
786 2807 841 2891 qui
863 2809 1078 2893 interpretare

29 2917 53 2958 ³⁰
67 2906 133 2986 tur,
156 2900 372 2965 coniecturam
391 2897 577 2982 adhibeant,
593 2919 660 2962 non
676 2900 837 2980 naturam,
852 2917 949 2962 *casus
969 2900 1078 2962 autem

66 2988 361 3054 innumerabilibus
384 3007 488 3071 paene
511 2984 647 3052 saeculis
670 2985 706 3049 in
728 2984 877 3050 omnibus
900 2986 997 3070 plura
1019 2985 1078 3049 mi-

66 3077 190 3142 rabilia
212 3095 310 3160 quam
332 3075 367 3139 in
390 3075 589 3140 somniorum
610 3073 690 3138 visis
712 3073 860 3158 effecerit,
882 3095 987 3157 neque
1005 3093 1078 3137 con·

65 3167 207 3247 iectura,
236 3185 318 3248 quae
344 3163 379 3227 in
401 3162 510 3228 varias
532 3162 636 3246 partis
660 3159 732 3226 duci
755 3159 873 3246 possit,
899 3181 966 3225 non
986 3181 1078 3224 num-

67 3275 169 3338 quam
201 3252 301 3317 etiam
333 3251 368 3315 in
400 3251 593 3334 contrarias,
630 3249 801 3333 quicquam
839 3248 883 3312 sit
902 3246 1077 3326 incertius.

30 3355 53 3399 ⁸⁵
67 3340 276 3427 Explodatur
303 3341 399 3422 ipim
426 3338 505 3403 haec
533 3357 660 3421 quoque
684 3337 883 3401 somniorum
912 3306 1131 3432 (Ιίνὶηαὺίοέἐ

67 3430 196 3515 pariter
210 3445 290 3494 'cum
313 3427 437 3492 esteris.
478 3424 581 3508 Nam,
606 3429 644 3489 ut
666 3443 741 3489 vere
764 3425 947 3508 loquamur,
970 3443 1079 3524 super-

67 3518 161 3584 alitio
189 3516 264 3582 fusa
290 3536 349 3603 per
376 3514 483 3601 gentis
507 3513 670 3600 oppressit
694 3511 839 3578 omnium
862 3511 929 3577 fere
952 3532 1078 3578 ammos
