2490 3950
329 194 395 252 mn.
415 197 436 252 1.
457 195 533 286 aar.
554 201 665 254 rr-ao.
685 203 700 264 ς
718 203 832 255 cc-ca.
1039 199 1080 263 21

78 338 193 403 existat
222 343 257 404 et
279 338 321 404 ad
343 361 403 405 nos
426 340 561 424 ediluat,
589 362 663 406 cum
685 342 835 407 maximis
857 342 1082 428 voluptatibus

76 427 108 491 in
128 449 184 492 eas
201 427 365 511 imagines
384 432 526 494 mentem
543 428 703 494 intentam
721 429 917 515 infixamque
935 433 1083 496 nostram

75 515 336 602 intellegentiam
368 538 495 602 capere,
527 537 609 601 quae
641 518 685 582 sit
717 521 750 581 et
780 519 878 584 beata
904 524 1023 584 natura
1050 522 1084 583 et

76 607 217 669 aeterna.
270 601 406 669 Summa
436 626 514 669 vero
544 605 594 670 vis
626 605 798 670 infinitatis
831 611 865 671 et
895 628 1016 693 magna
1047 628 1084 672 ac
1103 619 1137 669 to

53 691 228 777 sdiligenti
250 693 524 776 contemplatione
547 693 738 779 dignissima
760 699 823 779 est,
849 695 883 758 in
907 717 971 780 qua
992 695 1085 759 intel·
1138 765 1141 770 .

75 780 140 866 legi
163 801 298 844 necesse
322 784 373 845 est
391 803 462 845 eam
481 802 551 846 esse
568 785 730 866 naturam,
751 786 789 847 ut
807 782 917 848 omnia
934 783 1085 848 omnibus

74 868 209 952 paribus
241 868 334 953 paria
356 868 580 954 respondeant.
624 867 718 936 Hanc
741 871 918 955 ἰσονομίαν
941 872 1085 956 appellat

74 956 248 1041 Epicurus,
270 957 304 1020 id
327 960 377 1020 est
400 957 602 1041 aequabilem
619 957 840 1024 tributionem.
879 958 931 1023 Ex
947 958 1009 1024 hae
1026 960 1086 1044 igi·

74 1047 127 1108 tur
154 1044 240 1108 illud
267 1043 418 1130 efficitur,
450 1045 480 1110 si
505 1046 693 1112 mortalium
720 1050 814 1111 tanta
836 1046 1010 1112 multitudo
1034 1047 1086 1130 sit,

42 1150 64 1188 ¹⁰
76 1154 146 1198 esse
164 1132 393 1198 inmortalium
408 1155 477 1200 non
493 1133 660 1218 minorem,
678 1137 712 1200 et
730 1135 768 1218 si,
787 1157 869 1219 quae
887 1135 1086 1218 interimant,

74 1221 328 1286 innumerabilia
351 1220 426 1306 sint,
449 1222 548 1287 etiam
566 1244 613 1308 ea,
636 1244 718 1306 quae
736 1227 938 1308 conservent,
959 1223 1087 1288 infinita

75 1331 147 1374 esse
182 1309 308 1374 debere.
360 1309 406 1374 Et
438 1331 590 1394 quaerere
621 1333 641 1375 a
671 1311 779 1394 nobis,
810 1310 927 1395 Balbe,
964 1311 1087 1395 soletis,

76 1420 159 1482 quae
187 1397 259 1463 vita
286 1397 418 1463 deorum
447 1399 504 1482 ait,
532 1419 676 1482 quaeque
700 1399 740 1464 ab
763 1399 804 1464 iis
828 1400 966 1486 degatur
987 1402 1086 1464 aetas.

75 1485 124 1552 Ea
151 1485 317 1570 videlicet,
349 1508 414 1569 qua
440 1486 522 1552 nihil
545 1487 687 1571 beatius,
714 1487 796 1552 nihil
819 1488 969 1552 omnibus
991 1488 1087 1552 bonis
1105 1502 1138 1550 51

43 1590 64 1631 ιε
77 1574 265 1640 affluentius
295 1574 434 1660 eogitari
465 1578 583 1659 potest.
632 1573 725 1640 Nihil
757 1575 842 1640 enim
875 1576 957 1661 agit,
988 1574 1087 1639 nullis

79 1661 349 1747 occupationibus
385 1665 436 1727 est
467 1662 656 1748 inplicatus,
691 1663 782 1727 nulla
813 1684 914 1746 opera
945 1663 1088 1745 molitur,

79 1773 137 1816 sna
156 1749 320 1835 sapientia
338 1753 372 1816 et
389 1750 511 1815 virtute
529 1750 657 1835 gaudet,
677 1750 778 1815 habet
796 1751 1000 1834 exploratum
1017 1750 1088 1814 fore

80 1861 113 1904 sa
136 1860 266 1924 semper
288 1860 362 1903 cnm
383 1839 419 1902 in
442 1838 605 1922 maximis,
627 1841 697 1903 tum
720 1838 756 1902 in
778 1837 918 1903 aeternis
941 1839 1088 1922 volupta

78 1928 177 1992 tibus.
223 1925 319 1991 Hunc
350 1926 445 1991 deum
473 1927 536 1991 rite
564 1926 698 1992 beatum
726 1926 912 2011 dixerimus,
943 1931 1088 1992 vestrum
1098 1899 1141 2024 252

46 2033 67 2073 2⁰
79 2037 155 2082 vero
174 2014 477 2080 laboriosissimum.
509 2012 582 2079 Sive
602 2015 688 2080 enim
701 2014 771 2100 ipse
786 2015 924 2080 mundus
939 2015 1088 2098 deusest,

81 2103 157 2188 quid
185 2105 299 2188 potest
326 2124 395 2168 esso
423 2103 530 2168 minus
559 2103 703 2186 quietum
731 2125 828 2187 quam
853 2102 945 2168 nullo
968 2105 1088 2188 puncto

82 2191 239 2276 temporis
269 2191 456 2256 intermisso
492 2189 616 2256 versari
645 2191 765 2256 circum
794 2213 887 2256 axem
917 2191 998 2262 caeli
1036 2191 1089 2256 ad-

83 2278 226 2344 mirabili
248 2279 436 2344 celeritate?
465 2278 530 2344 nisi
553 2279 698 2362 quietum
721 2283 830 2344 autem
852 2279 934 2344 nihil
957 2279 1089 2345 beatum

9 2339 10 2418 l
84 2373 144 2452 est,
168 2367 239 2432 sive
260 2367 389 2452 inipso
412 2367 532 2432 mundo
555 2367 632 2431 deus
654 2367 740 2431 inest
763 2367 890 2451 aliquis,
914 2365 970 2449 qui
987 2369 1090 2450 regat,

9 2471 11 2522 l
49 2470 72 2510 ²⁵
85 2457 137 2540 qui
166 2455 337 2540 gubernet,
365 2455 422 2539 qui
448 2476 561 2519 cursus
588 2458 765 2539 astrorum,
791 2454 989 2520 mutationes
1011 2457 1091 2518 tem-

9 2527 11 2614 l
85 2565 209 2628 porum,
231 2565 340 2608 rerum
362 2542 600 2609 vicissitudines
619 2543 810 2626 ordinesque
828 2544 1005 2625 conservet,
1027 2545 1091 2604 ter-

84 2654 134 2698 ras
162 2635 196 2696 et
225 2631 331 2697 maria
357 2632 580 2715 contemplans
607 2630 775 2696 hominum
802 2629 971 2694 commoda
989 2629 1091 2714 vvitas—

85 2743 143 2804 que
174 2723 320 2803 tueatur,
349 2740 390 2784 ne
419 2720 475 2784 ille
504 2723 555 2784 est
581 2718 756 2803 inplicatus
780 2717 927 2783 molestis
949 2715 1089 2803 negotiis

86 2813 115 2872 et
142 2807 302 2892 operosis!
347 2805 418 2872 Nos
446 2810 556 2872 autem
582 2806 713 2872 beatam
735 2806 839 2870 vitam
860 2805 896 2869 in
918 2805 1019 2872 animi
1042 2825 1087 2870 se·
1106 2818 1140 2866 53

53 2897 221 2961 wenntate
249 2899 282 2960 et
308 2895 345 2960 in
372 2896 516 2961 omnium
543 2895 712 2960 vacatione
739 2915 909 2960 munerum
930 2895 1091 2980 ponimus.

86 2982 203 3050 Docuit
234 2984 322 3049 enim
352 3005 413 3048 nos
439 2983 538 3068 idem,
571 2982 628 3066 qui
649 2986 769 3068 cetera,
796 2987 914 3048 natura
942 2984 1092 3048 effectum

87 3093 153 3136 esse
175 3072 347 3155 mundum,
376 3071 458 3136 nihil
482 3093 563 3156 opus
585 3069 686 3135 fuisse
708 3070 842 3154 fabrica,
864 3074 997 3156 tamque
1021 3092 1092 3134 eam

87 3181 152 3224 rem
175 3182 246 3225 esse
268 3160 407 3243 facilem,
431 3181 529 3244 quam
551 3180 609 3224 vos
634 3158 718 3224 effici
739 3159 868 3245 negatis
893 3160 962 3224 sine
985 3158 1094 3222 divina

89 3269 180 3329 posse
209 3248 370 3331 sollertia,
400 3250 438 3312 ut
464 3247 710 3311 innumerabilis
737 3252 856 3312 natura
883 3245 1020 3310 mundos
1051 3243 1093 3307 ef-

58 3333 219 3416 ³⁵fectura
242 3336 299 3419 sit,
332 3335 467 3418 efficiat,
499 3335 648 3400 effecerit.
702 3333 794 3409 Quod
826 3333 902 3417 quia
929 3352 1024 3416 quem
1054 3332 1095 3395 ad

9 3497 10 3504 ἵ
90 3423 216 3489 modum
244 3428 364 3490 natura
392 3423 519 3488 efficere
547 3423 616 3487 sine
639 3422 750 3505 aliqua
772 3425 880 3486 mente
902 3419 1008 3504 possit
1029 3441 1096 3484 non

9 3515 11 3600 l
91 3509 215 3596 videtis,
248 3515 287 3576 ut
317 3511 437 3596 tragici
470 3515 601 3594 po'e'tae,
629 3532 701 3574 cum
726 3508 887 3592 explicare
911 3505 1095 3588 argumenti
