2476 3936
350 188 418 246 ΜΒ.
436 189 458 244 1.
478 189 555 246 cAP.
574 197 651 250 o-e.
674 198 690 258 e
708 199 803 248 e-1a.
1011 194 1075 263 277

78 334 127 396 est
147 331 250 398 multo
273 333 463 417 proclivius,
489 334 582 400 nulla
602 336 797 404 necessitate
818 341 985 422 premente
1007 361 1076 404 rem

77 419 235 502 publicam
262 441 376 506 regere
402 421 557 488 nesciant.
597 421 769 509 Equidem,
796 429 967 497 utrarum
991 430 1076 492 esset

77 528 133 572 sua
157 508 326 574 voluntate
353 509 534 595 sapientem
561 511 750 577 descendere
773 513 980 580 adnationes
1003 514 1077 580 civi-

76 596 151 660 tatis
181 618 249 662 non
275 597 394 683 solere,
426 599 477 662 sin
504 602 613 664 autem
639 601 840 685 temporibus
868 606 1046 688 cogeretur,
1071 599 1075 690 1

54 685 143 748 etum
160 685 193 749 id
210 706 329 750 munus
348 686 484 770 denique
502 709 568 752 non
581 709 738 773 recusare,
760 693 871 754 tamen
885 690 968 755 arbi·
987 693 1027 771 [p.
1042 708 1076 758 st

16 818 18 854 ,
75 775 175 837 trater
191 773 278 838 hane
295 796 403 839 rerum
422 775 565 840 civilium
584 775 716 841 minime
729 778 964 864 neglegendam
978 780 1077 844 seien-

16 869 18 922 ἶ
74 861 153 926 tiam
179 862 333 948 sapienti,
359 867 532 949 propterea
560 863 646 948 quod
673 864 782 930 omnia
804 868 913 931 essent
935 867 965 930 ci
986 889 1076 951 prae

75 950 224 1034 paranda,
243 951 360 1035 quibus
378 951 518 1017 nesciret
532 974 575 1017 un
589 952 762 1036 aliquando
776 954 825 1018 uti
837 975 968 1019 necesse
982 959 1075 1020 esset.

136 1038 227 1104 Haec
257 1039 406 1123 pluribus
439 1062 459 1104 a
490 1061 541 1104 me
572 1040 681 1105 verbis
713 1041 800 1106 dicta
831 1045 908 1107 sunt
934 1043 977 1107 ob
1005 1065 1076 1108 eam
1095 1014 1128 1142 J,

44 1145 64 1182 1⁰
76 1149 211 1212 causam,
232 1125 319 1211 quod
336 1127 388 1192 his
405 1128 500 1194 libris
519 1131 590 1194 erat
606 1128 759 1194 instituta
777 1134 810 1194 et
828 1133 978 1215 suscepta
996 1131 1075 1196 mihi

75 1215 110 1280 de
136 1237 171 1280 re
198 1215 331 1301 publica
358 1215 550 1301 disputati03
578 1237 660 1300 quae
684 1239 726 1282 ne
747 1217 871 1284 frustra
892 1218 1076 1303 haberetur,

15 1385 16 1388 Ἴ
75 1303 307 1370 dubitationem
324 1303 372 1368 ad
393 1326 462 1369 rem
484 1304 649 1389 publicam
671 1303 817 1393 adeuntdi
838 1307 874 1372 in
895 1307 959 1393 pri·
983 1310 1023 1388 [p.
1043 1324 1075 1373 79

74 1394 132 1458 mis
155 1393 253 1460 debui
274 1392 400 1459 tollere.
445 1392 495 1457 Ac
516 1394 626 1457 tamen
649 1393 677 1457 si
700 1395 867 1479 quisunt,
895 1396 951 1480 qui
972 1396 1076 1481 philo

75 1484 249 1568 sophorum
268 1481 463 1547 auctoritate
482 1485 681 1565 moveantur,
704 1483 781 1547 dent
799 1502 931 1568 operam
948 1507 1076 1568 parum-

44 1589 63 1627 1⁵
74 1594 127 1655 per
150 1575 249 1655 atque
272 1569 406 1635 audiant
429 1591 493 1653 eos,
516 1591 654 1654 quorum
677 1591 804 1634 summa
826 1576 876 1636 est
899 1572 1076 1636 auctoritas

14 1739 16 1744 ,
75 1660 156 1744 apud
175 1659 381 1726 doctissimos
399 1657 546 1724 homines
563 1661 596 1722 et
610 1657 728 1743 gloria,
747 1679 827 1741 quos
842 1678 903 1743 ego
918 1659 1076 1742 existimo,

75 1748 201 1814 etiamsi
228 1748 284 1832 qui
308 1746 375 1832 ipsi
396 1768 465 1811 rem
487 1745 651 1831 publicam
672 1766 739 1809 non
762 1745 935 1831 gesserint,
958 1750 1077 1830 tamen,

75 1837 224 1921 quoniam
251 1836 290 1900 de
317 1857 353 1899 re
379 1834 511 1921 publiea
536 1834 641 1899 multa
668 1834 865 1917 quaesierint
887 1837 920 1897 ct
943 1835 1077 1918 scripse-

74 1925 145 2010 rint,
163 1925 292 1990 functos
311 1945 382 1988 erse
401 1923 510 2009 aliquo
526 1921 736 2007 reipublicae
750 1943 889 1987 munere.
919 1921 986 1987 Eos
999 1943 1076 1987 vero

45 2019 210 2099 saeptam,
238 2033 319 2097 quos
347 2010 463 2078 Graeci
494 2010 649 2096 sapientis
677 2007 948 2097 nomilnarerrmt,
978 2012 1018 2090 [p.
1042 2025 1077 2076 80

76 2101 176 2166 omnis
200 2122 302 2185 paene
323 2100 415 2165 video
434 2100 468 2163 in
492 2099 598 2164 media
619 2120 654 2163 re
678 2098 809 2184 publica
832 2120 902 2163 esse
920 2102 1077 2164 versatos.

13 2271 14 2276 ἵ
74 2189 184 2275 Neque
208 2189 293 2252 enim
321 2192 372 2252 cst
398 2189 468 2252 ulla
489 2210 554 2272 res,
581 2188 616 2251 in
639 2209 702 2271 qua
724 2187 857 2273 propius
881 2188 922 2252 ad
945 2187 1077 2252 deorum

73 2300 191 2344 numen
223 2277 329 2342 virtus
363 2276 494 2344 accedat
527 2275 682 2360 humana,
719 2297 817 2360 quam
846 2275 989 2342 civitatis
1020 2279 1077 2340 aut

74 2368 208 2434 condere
229 2386 332 2432 novas
356 2368 413 2431 aut
435 2386 625 2430 conservare
646 2365 713 2431 iam
735 2364 891 2431 conditas.

13 2507 14 2540 3
44 2469 64 2509 ²⁵
136 2454 263 2531 Quibus
286 2453 448 2537 derebus,
472 2451 624 2536 quoniam
641 2452 736 2516 nobis
755 2452 903 2537 contigit,
924 2455 962 2515 ut
979 2450 1076 2514 iidem
1096 2421 1128 2547 ᾗ

74 2547 104 2610 et
133 2545 171 2612 in
204 2542 344 2628 gerenda
374 2563 410 2607 re
441 2540 573 2626 publica
601 2540 724 2623 aliquid
751 2560 893 2606 essemus
921 2538 1077 2603 memoria

75 2631 208 2718 dignum
234 2630 398 2696 consecuti
425 2633 458 2694 et
484 2630 518 2694 in
545 2628 743 2713 explicandis
765 2627 947 2694 rationibus
968 2639 1077 2690 rerum

75 2721 216 2786 civilium
249 2718 410 2802 quandam
441 2717 632 2784 facultatem
657 2738 723 2781 non
750 2711 854 2802 moldo
881 2735 955 2798 usu,
983 2715 1023 2793 [p.
1043 2729 1077 2778 et

76 2810 128 2874 sed
151 2808 251 2873 etiam
275 2806 383 2872 studio
406 2807 547 2873 discendi
569 2810 603 2870 et
626 2803 758 2871 docendi
777 2803 952 2886 †essemus
971 2805 1078 2866 aucto

45 2909 65 2950 ⁸⁰
75 2919 132 2982 res,
150 2919 224 2962 eum
242 2894 424 2980 superiores
443 2895 501 2960 alii
517 2893 656 2960 fuissent
673 2893 708 2956 in
722 2890 995 2976 disputationibus
1008 2911 1079 2975 per·

14 3027 15 3030 =
75 2986 182 3069 politi,
207 3005 347 3068 quorum
368 3005 421 3048 res
445 2987 556 3069 gestae
577 2982 686 3048 nullae
708 2980 942 3063 invenirentur,
965 2978 1023 3044 alii
1044 2979 1080 3042 in

76 3073 213 3159 gerendo
244 3072 445 3158 probabiles,
476 3071 511 3135 in
540 3069 725 3135 disserendo
754 3068 858 3135 rudes.
902 3066 971 3132 Nee
1002 3088 1077 3130 vero

76 3168 187 3228 nostm
213 3161 371 3246 quaedam
399 3163 449 3226 est
475 3159 675 3225 instituenda
700 3179 786 3223 nova
813 3161 846 3222 et
874 3155 1010 3226 anobis
1033 3155 1079 3217 in-

76 3255 171 3318 venta
201 3249 302 3334 ratio,
331 3249 389 3314 sad
414 3248 510 3314 unius
538 3247 656 3312 aetatis
684 3246 938 3312 clarissimorum
965 3264 1003 3306 ac
1030 3263 1079 3306 sa-

47 3339 351 3423 apientissimorum
386 3341 517 3403 nostrae
551 3335 693 3401 civitatis
725 3335 868 3398 virorum
900 3329 1078 3415 disputatio

78 3429 248 3514 repetenda
283 3425 441 3492 memoria
469 3422 473 3508 Ι
503 3427 566 3507 est,
602 3445 684 3508 quae
716 3420 797 3486 mihi
828 3419 952 3503 tibique
985 3420 1024 3498 [p.
1045 3433 1078 3482 tt

79 3518 237 3598 quondam
255 3513 497 3581 adulescentulo
515 3516 566 3578 est
584 3535 605 3577 a
620 3511 657 3577 P.
670 3510 794 3577 Rutilio
809 3507 904 3593 Rufo,
923 3505 1079 3592 Smyrnae
