2510 3936
159 175 227 238 400
552 172 601 228 DE
619 171 774 228 LEGIBUS

160 317 296 402 licitum,
317 317 349 394 si
368 321 480 402 posset
502 317 588 382 inter
609 335 665 382 eos
688 315 812 401 aliquid
836 315 1016 382 convenire.
1049 315 1099 382 M.
1122 313 1174 380 Io

160 406 270 471 culare
303 407 389 470 istuc
420 405 562 489 quidem,
598 403 771 489 Pomponi,
808 408 842 469 et
874 427 894 470 a
925 403 1042 469 multis
1075 425 1174 488 saepe

161 494 316 577 derisum3
347 492 404 560 sed
435 515 495 580 ego
527 494 624 578 plane
656 493 774 558 vellem
806 514 859 557 me
891 492 1054 557 arbitrum
1087 492 1175 556 inter

162 583 335 668 antiquam
356 580 566 647 Academiam
593 585 627 646 ct
649 580 811 646 Zenonem
837 581 959 646 datum.
1002 581 1081 646 Am.
1104 579 1175 654 Quo

162 671 295 736 tandem
316 670 401 736 istuc
423 670 542 735 modo?
577 670 626 736 M.
649 667 732 744 Quia
754 668 793 734 de
816 690 851 734 re
871 691 937 734 una
955 669 1064 734 solnm
1083 667 1174 731 dissi·
1203 687 1217 728 s

163 758 249 843 dent,
271 759 310 824 de
328 759 443 825 ceteris
461 758 596 824 mirifice
613 761 805 843 congruunt.
837 757 913 824 Ars.
932 755 999 821 Ain
1017 756 1173 822 tandem?

110 860 146 911 54
163 869 268 912 unane
291 851 342 912 est
364 848 470 912 solum
493 846 673 912 dissensio?
708 847 757 912 M.
780 843 869 921 Quae
892 845 1024 930 quidem
1041 845 1173 910 adrem

162 937 339 1022 pertineat,
365 957 442 1020 una,
465 935 585 1020 quippe
607 955 705 1019 quom
728 934 855 1018 antiqui
878 955 987 1017 omne,
1015 933 1104 1018 quod
1127 954 1174 998 se

163 1025 303 1090 cundum
323 1027 476 1090 naturam
493 1027 588 1107 esset,
611 1044 675 1107 quo
692 1022 878 1088 inseremur
895 1022 931 1086 in
948 1021 1027 1105 vita,
1050 1022 1174 1086 bonum

164 1134 235 1178 esse
257 1111 471 1196 decreverint,
492 1111 546 1176 hic
567 1111 661 1189 adiel,
683 1111 747 1176 nisi
769 1110 856 1194 quod
877 1109 1053 1176 honestum
1079 1115 1175 1192 esset,
1192 1131 1218 1167 ιο

163 1201 290 1286 putarit
315 1201 447 1266 bonum.
463 1201 468 1208 ’
482 1201 559 1266 Ars.
581 1198 721 1266 Persam
748 1220 825 1266 vero
848 1198 1107 1264 controversiam
1131 1198 1177 1263 di-

164 1290 221 1373 cis,
243 1293 279 1354 at
299 1311 367 1353 non
388 1310 469 1370 eam,
491 1309 574 1372 quae
597 1287 730 1353 dirimet
751 1287 874 1352 omnia!
910 1287 959 1353 M.
979 1286 1088 1352 Probe
1108 1287 1177 1371 qui·

113 1376 239 1444 21dem
265 1377 416 1458 sentires,
443 1376 472 1440 si
498 1397 533 1440 re
560 1398 598 1440 ac
624 1397 692 1440 non
717 1376 825 1441 verbis
854 1375 1058 1441 dissiderent
1099 1378 1177 1442 An.

165 1463 256 1550 Ergo
285 1463 458 1529 adsentiris
486 1463 663 1547 Antiocho,
694 1463 850 1530 familiari
881 1483 969 1548 meo,
997 1460 1176 1550 (magistro

166 1553 253 1618 enim
280 1575 348 1618 non
373 1552 475 1617 audeo
498 1551 617 1638 dicere)
639 1574 779 1636 quocum
806 1551 886 1635 vixi,
913 1556 947 1617 et
976 1552 1033 1636 qui
1061 1574 1115 1617 me
1138 1571 1217 1616 ex1⁵

165 1641 288 1708 nostris
310 1663 412 1726 paene
435 1640 590 1707 convellit
611 1639 753 1707 hortulis
776 1640 972 1724 deduxitque
995 1641 1031 1705 in
1054 1639 1178 1706 Acade·
1205 1675 1208 1680 >

167 1731 267 1796 miam
289 1729 494 1815 perpauculis
516 1729 676 1815 passibus.
711 1728 925 1796 revisisse
946 1728 1011 1794 fuit
1033 1729 1093 1794 ille
1111 1730 1178 1812 qui·
1251 1811 1252 1814 Ἴ

166 1820 234 1884 dem
264 1818 405 1904 prudens
437 1822 471 1885 et
502 1821 616 1883 acutus
648 1821 682 1882 et
711 1817 747 1882 in
778 1839 838 1884 suo
867 1837 985 1903 genere
1011 1817 1177 1902 perfectus

166 1907 319 1991 mihique,
341 1910 379 1971 ut
401 1907 474 1990 scis,
496 1905 681 1988 familiaris,
703 1906 781 1990 quoi
800 1909 912 1971 tamen
929 1927 993 1992 ego
1011 1906 1178 1976 adsentiar

167 1995 202 2061 in
228 1995 377 2060 omnibus
398 2017 513 2078 necne,
540 2016 615 2059 mox
636 1993 762 2078 videro,
793 1993 855 2059 hoc
878 1993 963 2078 dico,
990 1999 1219 2060 controverso

115 2097 149 2146 55
168 2084 250 2148 siam
277 2086 383 2147 totam
409 2083 509 2164 istam
534 2103 631 2167 posse
659 2082 773 2147 sedari.
813 2082 890 2148 An.
913 2079 977 2157 Qui
998 2082 1086 2148 istuc
1107 2087 1178 2147 tan·
1250 2129 1251 2144 ,

168 2171 241 2234 sem
264 2171 374 2235 suess
410 2171 458 2236 n.
481 2169 573 2254 cuis,
595 2170 633 2253 si,
655 2173 694 2234 us
711 2169 812 2235 cuius
830 2169 943 2234 Aristo
967 2170 1051 2236 rixis
1068 2171 1177 2236 solum

167 2259 289 2322 bonum
316 2279 399 2342 esse,
426 2258 513 2342 quod
538 2258 712 2324 honestum
735 2262 834 2341 esset,
861 2258 1062 2343 malumque,
1090 2260 1178 2344 quod

167 2351 277 2431 turpe,
298 2350 423 2412 ceteras
445 2368 497 2412 res
520 2346 626 2412 omnis
648 2347 747 2431 plane
769 2347 857 2432 paris
880 2367 918 2412 ac
940 2369 981 2411 ne
1004 2347 1178 2412 minimum

169 2435 312 2519 quidem,
333 2438 443 2500 utrum
466 2436 617 2500 adessent
639 2457 682 2499 an
704 2436 867 2517 abessent,
889 2435 1057 2519 interesse,
1081 2437 1177 2501 valde
1192 2454 1216 2492 25
1249 2445 1250 2486 l

85 2560 91 2573 ·
168 2546 189 2588 a
210 2522 391 2588 Xenocrate
418 2527 452 2588 et
474 2521 653 2587 Aristotele
675 2527 710 2588 et
732 2523 773 2588 ab
795 2523 855 2587 illa
876 2522 1026 2588 Platonis
1048 2523 1178 2590 familia

168 2612 366 2697 discreparet
397 2615 546 2695 essetque
577 2611 663 2674 inter
694 2633 750 2676 eos
777 2611 816 2676 de
842 2632 878 2675 re
904 2613 1048 2677 maxima
1076 2617 1110 2677 et
1138 2613 1177 2678 de

169 2701 258 2764 omni
279 2699 408 2765 vivendi
430 2700 556 2764 ratione
578 2699 750 2783 dissensi03
776 2721 861 2764 nunc
882 2720 985 2782 vero,
1001 2721 1102 2784 quom
1125 2701 1178 2766 de
1248 2753 1249 2764 ,

168 2809 239 2870 cus,
262 2788 348 2872 quod
370 2787 496 2872 antiqui
518 2808 681 2852 summum
703 2788 826 2853 bonum
847 2809 917 2852 esse
941 2788 1101 2873 dixerant,
1123 2789 1178 2854 hic

168 2876 275 2939 solum
306 2876 428 2940 honum
459 2875 558 2960 dicat,
588 2876 731 2961 itemque
762 2876 897 2942 dedecus
928 2875 980 2940 illi
1012 2898 1177 2942 summum
1191 2895 1216 2934 ³⁰

168 2963 305 3044 malum,
335 2963 389 3028 hic
416 2965 534 3049 solum,
565 2963 709 3048 divitias,
736 2964 969 3047 valetudinem,
995 2966 1179 3049 pulchritu-

168 3050 276 3115 dinem
303 3051 487 3115 eommodas
514 3073 566 3117 res
590 3053 747 3137 appellet,
772 3076 839 3118 non
859 3053 976 3137 hones,
1002 3059 1177 3139 pauperta-

168 3142 248 3219 tem,
279 3137 495 3222 debilitatem,
527 3140 672 3205 dolorem
702 3141 937 3224 incommodas,
966 3163 1035 3208 non
1061 3143 1176 3226 malas,

168 3225 270 3290 sentit
288 3224 383 3310 idem,
405 3227 491 3310 quod
508 3227 716 3314 Xenocrates,
739 3231 825 3315 quod
843 3229 1051 3315 Aristoteles,
1072 3232 1177 3315 loqui·

168 3317 222 3376 tur
249 3313 314 3378 alio
341 3315 446 3380 modo.
490 3316 541 3381 Ex
568 3317 630 3381 hac
657 3321 767 3383 autem
788 3341 854 3383 non
876 3340 997 3400 rerum,
1026 3319 1084 3384 sed
1107 3341 1176 3384 ver·
1189 3333 1214 3374 ³⁵

168 3400 284 3464 borum
311 3400 471 3467 discordia
497 3406 718 3470 controversia
745 3411 795 3470 est
816 3410 895 3472 nata
918 3407 957 3470 de
979 3407 1115 3490 finihuS,
1142 3407 1177 3470 in
1246 3435 1247 3474 l

169 3508 246 3571 qua,
276 3489 429 3572 quoniam
451 3513 529 3555 usus
551 3491 720 3576 capionem
743 3495 910 3560 duodecim
931 3494 1065 3559 tabulae
1087 3495 1176 3560 intra
