2476 3936
140 113 206 178 328
498 107 786 172 scaurorum

139 257 236 322 unius
263 277 303 322 cx
329 255 397 320 illis
424 253 528 320 xviris
554 253 778 338 intemperiem
805 252 840 318 in
865 251 937 318 foro
965 275 1025 318 sna
1048 275 1149 318 mann

139 344 358 410 interemisset
385 365 422 407 ac
448 363 595 406 maerens
624 343 666 406 ad
689 340 877 424 exercitum,
903 341 959 424 qui
981 345 1150 406 tumeret

140 434 175 498 in
192 431 323 518 Algido,
345 430 554 515 confugisset,
576 429 699 496 milites
716 429 841 495 bellum
857 429 948 512 illud,
972 429 1060 512 quod
1078 433 1151 493 erat

67 537 71 545 ·
140 521 175 584 in
206 520 369 602 manibus,
400 518 569 602 reliquisse
600 522 634 582 et
665 517 808 602 primurn
838 520 984 584 montem
1011 539 1152 600 sacrum,

141 609 225 674 sicut
248 611 319 672 erat
338 607 374 672 in
396 606 497 672 simili
518 626 620 672 causa·
638 607 736 672 antea
755 605 888 688 factum,
911 604 1025 672 deinde
1045 605 1182 671 Aren-⁵

141 697 246 762 tinum
269 700 405 764 armatos
426 695 585 765 insedisse.
600 745 608 758 .
622 743 652 758 ..

396 834 635 918 [Desiderato
650 835 788 918 popinae
810 837 896 916 octo]
978 825 981 832 Δ

150 1013 155 1024 .
208 961 325 1028 Dicere
351 961 501 1026 moritum
525 978 587 1040 pro
618 959 819 1040 dcsipaooere
855 957 917 1024 Cic.
945 959 982 1024 dc
1005 959 1155 1041 reputt

141 1053 201 1116 sic:
225 1050 382 1114 dictatore
399 1047 435 1112 L.
454 1045 603 1122 Quinctio
623 1045 718 1112 dicto.
737 1045 971 1130 (Paupertas
983 1048 1028 1113 ad
1041 1047 1155 1131 verpa

143 1137 250 1220 Georp.
275 1136 447 1218 111125.)
552 1209 555 1212 ,

142 1255 169 1306 p.
190 1228 254 1306 193]
329 1224 545 1289 ...maiores
572 1225 704 1287 nostros
731 1225 765 1286 et
791 1222 981 1307 probavisse
1010 1223 1154 1288 maxime
1171 1241 1197 1280 1⁰

143 1317 177 1378 ct
199 1311 371 1378 retinuisse
395 1309 631 1395 sapientissime
653 1309 768 1374 iudico.

92 1455 126 1503 ,4
210 1399 293 1465 Cum
314 1421 352 1464 ea
370 1397 477 1483 Scipio
497 1397 633 1463 dixisset
650 1398 842 1480 silentioque
860 1398 1006 1465 omnium
1024 1399 1154 1483 reliqua

116 1560 120 1567 ,
145 1489 213 1556 eius
236 1491 458 1573 expectaretur
481 1486 600 1568 oratio,
621 1489 693 1551 tum
715 1483 855 1551 Tubero:
883 1483 1047 1560 Quoniam
1069 1487 1153 1552 nihil

143 1600 182 1643 ex
209 1582 255 1661 te,
285 1575 451 1659 Africane,
482 1574 517 1638 hi
544 1575 684 1640 maiores
712 1578 791 1640 natu
818 1573 1001 1658 requirunt,
1034 1597 1074 1640 ex
1102 1598 1153 1640 me

128 1665 267 1749 audies,
290 1665 368 1748 quid
390 1665 425 1728 in
447 1662 594 1728 oratione
616 1666 674 1727 tua
697 1662 881 1728 desiderem.
928 1660 1196 1747 Sane,.inquit1⁵

145 1752 261 1840 Scipio,
281 1757 314 1818 et
331 1751 471 1817 libenter
490 1750 627 1834 quidem.
659 1749 743 1814 Tum
761 1751 830 1814 ille:
851 1749 1053 1819 Laudavisse
1072 1751 1154 1816 mihi

144 1842 263 1906 videris
291 1844 438 1905 nostram
468 1860 537 1903 rem
566 1838 744 1923 publicam,
773 1860 845 1903 cum
862 1842 972 1904 ,exte
995 1861 1063 1906 non
1085 1837 1151 1926 dcl

144 1959 171 2010 p.
187 1932 252 2010 194]
274 1931 398 2012 nostra,
421 1927 476 1992 sed
499 1927 538 1990 de
560 1926 651 1992 omni
672 1947 708 1990 re
725 1926 856 2010 publica
874 1927 1057 2009 quaesisset
1073 1927 1154 1993 Lae

144 2017 216 2082 lius.
251 2015 321 2081 Nec
342 2020 453 2080 tamen
476 2013 572 2078 didici
595 2036 633 2080 ex
655 2015 802 2080 oratione
824 2017 896 2096 tua,
922 2014 1023 2082 istam
1046 2016 1153 2100 ipsam

144 2125 212 2172 rem
240 2103 418 2188 publicam,
449 2125 545 2186 quam
572 2101 700 2186 laudas,
728 2124 792 2186 qua
818 2101 1005 2188 disciplina,
1033 2105 1151 2188 quibus
1169 2123 1196 2161 ²⁰

144 2191 289 2292 moribus
319 2195 375 2256 aut
403 2191 530 2276 legibus
559 2190 754 2256 constituere
780 2191 834 2255 vel
859 2211 1053 2258 conservare
1079 2214 1153 2276 pos-

93 2301 274 2475 }Jsmiiic
297 2365 482 2432 Africanus:
504 2365 589 2431 Puto
611 2366 707 2432 nobis
729 2387 805 2430 mox
827 2365 866 2430 de
887 2366 1097 2436 instituendis
1121 2373 1154 2434 et

146 2455 373 2522 conservandis
396 2454 779 2539 civitatibusaptiorem,
801 2453 938 2538 Tubero,
960 2455 1031 2524 fore
1055 2455 1153 2524 disse

145 2543 240 2610 rundi
270 2544 390 2626 loourn3
420 2543 458 2607 de
486 2543 610 2627 optimo
639 2546 748 2608 autem
775 2546 864 2614 statu
891 2543 1046 2626 equidem.
1069 2545 1153 2612 arbi-
1167 2562 1194 2602 a

146 2661 172 2712 p.
194 2634 259 2712 143]
283 2631 395 2696 trabar
418 2652 469 2694 me
493 2631 574 2695 satis
596 2628 809 2716 respcnldisso
828 2630 868 2694 ad
887 2630 928 2712 id,
952 2632 1039 2716 quod
1058 2654 1154 2716 quae

147 2720 246 2784 sierat
259 2717 398 2785 Laelius.
419 2718 570 2784 Primum
585 2718 670 2784 enim
682 2737 817 2784 numero
831 2718 1019 2786 definieram
1033 2741 1155 2806 genera

147 2807 314 2872 civitatum
337 2807 402 2872 tria
419 2806 611 2892 probabilia,
634 2807 815 2890 perniciosa
832 2811 941 2876 autem
959 2807 1069 2874 tribus
1086 2809 1155 2876 illis

147 2893 282 2959 totidem
306 2895 481 2979 contraria,
510 2893 699 2978 nullumque
721 2916 760 2958 ex
783 2894 829 2960 eis
852 2917 952 2960 unum
972 2917 1047 2962 esse
1070 2897 1155 2982 opti·

147 3004 244 3066 mum,
268 2983 323 3048 sed
346 2983 379 3046 id
401 2987 567 3067 praestare
590 2982 738 3068 singulm,
761 2975 886 3066 quode
909 2983 1016 3050 tribus
1038 2985 1193 3069 primissa

95 3083 129 3132 co
148 3099 175 3151 p.
196 3072 261 3151 144]
285 3073 371 3134 esset
399 3069 522 3136 modico
549 3073 774 3154 temperatum.
820 3069 912 3146 Quod
935 3072 940 3154 l
965 3076 1076 3137 autem
1103 3095 1155 3139 ex·

148 3159 254 3243 emplo
278 3161 410 3222 nostrae
429 3157 570 3222 civitatis
594 3180 671 3223 usus
691 3180 772 3242 sum,
793 3179 859 3224 non
877 3159 918 3224 ad
937 3159 1156 3228 definiendum

148 3246 308 3331 optimum
336 3248 457 3310 statum
484 3245 589 3345 valuit
617 3241 707 3331 (nam
732 3246 765 3310 id
787 3247 857 3312 fieri
878 3247 987 3332 potuit
1010 3249 1081 3315 sine
1104 3271 1155 3314 ex·

147 3330 283 3417 emplo),
320 3331 383 3430 sed·
412 3336 449 3397 ut
486 3335 617 3396 crv1tate
649 3333 791 3399 maxima
823 3356 937 3420 reapse
969 3341 1155 3405 cerneretur
1234 3359 1235 3432 l

148 3418 242 3500 quale
266 3421 351 3482 esset
373 3417 416 3502 rd,
442 3419 527 3502 quod
549 3421 633 3486 ratio
658 3421 826 3506 oratioque
849 3422 1055 3492 describeret.
1096 3424 1191 3490 Sina
1234 3451 1235 3488 Τ
