2478 3936
319 183 386 240 ms.
406 184 455 240 111.
475 183 551 242 cre.
572 191 648 242 1-s.
668 191 683 252 s
702 191 779 243 1-7.
987 186 1049 252 109

72 329 190 413 labatur,
212 333 250 394 ut
270 328 488 396 meminissem
510 352 562 395 me
585 333 618 394 et
641 327 775 396 Cottam
798 349 869 400 esse
891 333 925 395 et
946 329 1052 415 ponti·

71 417 156 501 fiam,
185 417 269 501 quod
289 439 342 503 eo,
366 418 473 502 credo,
495 419 641 502 valebat,
663 422 700 484 ut
723 417 905 502 opiniones,
929 440 1009 502 quas
1033 440 1053 483 a

70 505 224 572 maioribus
248 506 428 591 accepimus
451 507 490 570 de
512 507 561 571 dis
584 507 826 591 inmortalibus,
857 528 961 591 sacra,
984 529 1052 572 cae

70 593 202 658 nmonias
225 595 463 680 religionesque
486 594 697 660 defenderem.
733 594 806 681 Ego
828 617 905 660 uero
928 617 982 660 eas
1002 595 1052 660 de

52 680 177 747 sfendam
213 703 340 768 semper
374 705 563 768 semperque
596 683 735 767 defendi,
770 705 830 750 nee
859 705 912 750 me
944 705 983 748 ex
1015 705 1055 749 ea

69 769 212 854 opinione,
240 794 339 855 quarn
365 793 385 836 a
412 771 589 837 maioribus
616 772 725 857 accepi
747 771 786 838 de
809 773 899 840 cultu
921 772 1054 838 deorum

68 858 285 945 innortslium,
312 860 411 927 ullius
434 883 588 945 umquam
611 861 717 925 oratio
741 863 797 925 aut
820 860 905 925 docti
929 864 986 925 aut
1008 861 1054 925 in·

68 945 137 1010 docti
158 947 312 1014 movebit
348 946 412 1014 Sed
433 971 506 1015 cum
529 950 568 1015 de
589 949 748 1034 religione
771 948 889 1033 agitur,
912 946 960 1012 Ti.
996 946 1055 1013 Oo-

69 1036 250 1122 umanum,
288 1035 324 1102 P.
356 1032 550 1123 Scipionem,
579 1036 615 1104 P.
647 1035 850 1121 Scaevolam,
885 1035 1055 1121 pontifices

43 1140 60 1179 1⁰
69 1123 219 1210 marimo,
246 1147 314 1190 non
340 1123 500 1193 Zenonem
528 1129 585 1192 aut
612 1123 792 1192 Cleanthen
820 1127 876 1190 aut
903 1122 1055 1210 Chrysip-

69 1233 130 1294 pum
150 1234 269 1298 sequor
285 1213 453 1298 habeoque
468 1213 502 1278 Ο.
515 1213 663 1280 Laelium
682 1235 837 1300 augurem
857 1213 1055 1298 eundemque

69 1302 358 1456 lpiillei’railii
380 1302 489 1456 llll}
512 1302 1056 1477 {tltmqlltqtlmlpllttt

70 1471 240 1544 Stoicorum.
286 1476 431 1562 Cumque
458 1479 562 1544 omnis
585 1480 700 1564 populi
721 1479 860 1546 Romani
883 1481 999 1565 religio
1021 1469 1080 1543 in¹

44 1578 61 1618 15
70 1582 142 1630 sacra
162 1570 195 1631 et
217 1568 255 1632 in
277 1567 421 1652 auspicia
443 1566 547 1635 divisa
570 1567 623 1651 sit,
645 1567 780 1632 tertium
798 1566 985 1632 adiunctum
1003 1568 1056 1651 sit,

70 1651 180 1736 siquid
207 1654 439 1740 praedictionis
466 1677 564 1720 causa
591 1675 630 1720 ex
656 1654 816 1738 portentis
844 1657 878 1719 et
900 1655 1055 1719 monstris

69 1735 191 1824 Sibyllae
223 1743 419 1828 interpretes
447 1742 675 1828 haruspicesve
702 1745 908 1825 monuerunt,
939 1741 1055 1807 harum

70 1847 116 1912 ego
131 1831 326 1918 religionum
343 1831 468 1897 nullam
485 1852 640 1915 umquam
658 1829 926 1896 contemnendam
943 1830 1057 1914 putavi

70 1916 192 2002 mihique
214 1919 265 1986 ita
286 1920 442 2004 persuasi,
464 1919 640 1984 Romulum
659 1918 821 2004 auspiciis,
842 1916 985 1983 Numam
1009 1940 1057 1984 sa-

46 2002 117 2068 acris
146 2008 333 2073 constitutis
364 2007 576 2074 frmdamenta
603 2007 716 2074 iecisse
745 2011 878 2072 nostrae
905 2007 1058 2092 civitatis

71 2112 135 2172 quae
159 2117 337 2180 numquam
364 2096 511 2180 profecto
537 2095 607 2162 sine
629 2117 757 2162 summa
778 2095 961 2180 placatione
985 2095 1057 2161 deo

70 2199 126 2244 rum
145 2183 368 2250 inmortalium
391 2187 485 2250 tanta
508 2205 578 2250 esse
596 2184 765 2270 potuisset.
802 2183 922 2268 Habes,
944 2182 1057 2268 Balbe,
1077 2194 1092 2243 e

70 2268 131 2348 qnid
147 2269 255 2356 Cotta,
277 2272 354 2356 quid
376 2272 523 2358 pontifex
546 2273 680 2356 sentiat3
700 2271 753 2337 fac
773 2293 859 2338 nuuc
882 2293 943 2357 ego
965 2273 1059 2336 intel-

71 2353 174 2443 legam,
195 2365 235 2426 tu
259 2360 335 2446 quid
358 2361 488 2426 sentias.
524 2358 556 2424 A
578 2362 611 2425 te
633 2361 719 2425 enim
741 2359 938 2445 philosopho
961 2359 1059 2424 ratio-

46 2454 129 2510 tnem
146 2449 289 2533 accipere
309 2448 409 2514 debeo
427 2448 605 2534 religionis,
623 2449 800 2513 maioribus
815 2451 923 2512 autem
936 2447 1059 2512 nostris

72 2531 152 2600 etiem
181 2537 275 2604 nulla
305 2537 432 2602 ratione
463 2536 589 2602 reddita
620 2535 756 2601 credere.
807 2534 889 2599 lum
920 2532 1098 2599 Balbus:3

73 2616 156 2692 Quam
178 2625 280 2710 igitur
302 2647 322 2690 a
344 2647 396 2692 me
413 2625 583 2709 rationem,
605 2624 720 2707 inquit,
743 2620 849 2706 Cotta,
873 2621 1058 2688 desideras?

72 2703 184 2776 Etille:
207 2711 459 2799 Quadripertita,
481 2713 597 2797 inquit,
619 2712 682 2778 fuit
700 2710 815 2776 divisio
834 2713 900 2793 tua,
918 2709 1060 2794 primum

74 2798 101 2858 ut
119 2801 213 2866 velles
238 2801 350 2868 docere
374 2802 450 2868 deos
474 2823 553 2885 esse,
577 2799 690 2866 deinde
713 2799 826 2884 quales
849 2802 966 2884 essent,
988 2802 1060 2865 tum

47 2881 105 2946 llab
130 2887 168 2953 iis
195 2891 351 2955 mundum
377 2889 460 2976 regi,
493 2892 659 2974 postremo
686 2887 853 2956 consulere
880 2908 935 2954 eos
962 2889 1060 2954 rebus

73 2967 224 3044 humanis·
248 2977 347 3064 Haec,
365 2978 497 3044 sirecte
516 2977 657 3062 memini,
675 2976 811 3062 pertitio
829 2975 901 3042 fuit.
938 2975 1060 3044 Rectis-

74 3077 156 3147 sume,
175 3066 282 3151 inquit
303 3065 440 3150 Balbus3
464 3065 520 3131 sed
543 3069 685 3150 expecto,
709 3065 785 3149 quid
807 3065 962 3150 requiras.

126 3150 203 3220 Tum
221 3153 332 3221 Cotta:
355 3154 501 3220 Primum
519 3155 658 3238 quidque
676 3153 851 3238 videamus,
875 3152 996 3236 inquit3
1019 3154 1062 3234 et,
1080 3159 1095 3210 '1

76 3234 97 3332 §i
121 3237 152 3304 id
180 3247 229 3308 est
255 3243 409 3329 primum,
442 3242 527 3327 quod
553 3243 639 3307 inter
667 3243 771 3308 omnis
797 3241 862 3306 nisi
888 3237 1061 3304 admodum

51 3327 175 3409 empios
205 3333 367 3416 convenit,
398 3331 480 3398 mihi
508 3331 636 3416 quidem
664 3352 703 3395 ex
730 3329 838 3395 animo
867 3325 974 3390 excuti
994 3345 1061 3390 non

77 3417 179 3501 potest,
208 3441 277 3484 esse
307 3421 396 3505 deos,
425 3420 459 3484 id
489 3422 600 3484 tamen
626 3419 746 3504 ipsum,
777 3413 863 3500 quod
889 3411 969 3480 mihi
992 3433 1062 3498 per·

78 3515 187 3570 suasum
209 3513 259 3574 est
281 3509 476 3574 auctoritate
499 3507 672 3591 maiorum,
695 3525 752 3570 cur
773 3503 822 3567 ita
845 3500 897 3586 sit,
919 3499 1002 3565 nihil
1024 3503 1062 3564 tu
