2458 3934
301 196 368 250 nm.
387 197 408 250 1.
428 195 504 251 cAP.
523 203 638 253 11-14.
656 203 672 262 e
690 189 808 254 ee-ea
993 199 1055 263 181

65 338 147 402 rebus
173 340 353 405 maioribus
376 361 502 426 semper
525 345 582 406 aut
604 339 742 427 Delphis
765 342 911 407 oraclum
934 346 992 407 aut
1014 342 1056 408 ab

63 425 233 493 Hammone
256 431 313 493 aut
334 451 355 493 a
371 428 508 494 Dodona
530 429 693 514 petebant.
729 429 897 516 Lycurgus
918 430 1056 515 quidem,
1074 447 1109 496 eo

64 515 108 598 qui
123 515 452 582 Lacedaemoniorum
469 537 538 582 rem
556 518 722 602 publicam
739 518 944 603 temperavit,
967 519 1056 605 leges

62 623 126 668 suas
148 605 344 670 auctoritate
368 604 532 690 Apollinis
555 604 705 690 Delphici
729 607 947 690 confirmavit3
976 627 1056 690 quas

43 707 122 756 tcum
148 693 253 758 uellet
274 693 441 777 Lysander
468 697 680 777 commutare,
708 694 820 759 eadem
843 699 893 759 est
914 695 1058 780 prohibi-

61 782 104 844 tus
126 781 297 866 religione.
333 781 442 866 Atque
465 782 564 847 etiam
587 781 642 866 qui
660 786 833 868 praeerant
846 782 1057 848 Lacedaemo·

60 868 121 951 niis,
136 891 205 934 non
225 870 371 934 contenti
388 869 601 956 vigilantibus
620 870 705 935 curis
723 870 760 934 in
771 868 954 955 Pasiphaae
971 871 1058 956 fano,

61 957 133 1039 quod
155 961 209 1022 est
232 958 268 1022 in
290 979 370 1044 agro
393 963 528 1043 propter
545 959 668 1041 urbem,
691 958 873 1022 somniandi
891 979 990 1024 causa
1008 979 1058 1022 ex-

60 1045 223 1129 cubabant,
242 1047 319 1130 quia
332 1067 410 1110 vera
423 1045 540 1131 quietis
555 1045 666 1112 oracla
679 1044 848 1110 ducebant.
877 1045 931 1110 Ad
943 1051 1058 1111 nostra
1076 1063 1109 1112 97

34 1149 50 1186 1⁰
60 1132 114 1196 iam
135 1134 245 1199 redeo.
281 1132 437 1208 Quotiens
461 1138 592 1199 senatus
615 1133 813 1199 decemviros
832 1133 873 1198 ad
891 1134 993 1199 libros
1011 1134 1059 1198 ire

59 1219 156 1285 iussit!
180 1222 314 1306 quantis
336 1223 372 1286 in
393 1223 490 1288 rebus
513 1243 674 1307 quamque
697 1241 793 1307 saepe
815 1223 980 1307 responsis
1003 1224 1059 1287 ha-

59 1311 214 1394 ruspicum
237 1311 360 1396 paruit!
392 1309 479 1375 Nam
503 1315 536 1376 et
558 1333 632 1376 cum
654 1309 717 1376 duo
739 1311 803 1376 uisi
822 1311 907 1376 soles
927 1315 1003 1376 sunt
1026 1315 1059 1375 et

60 1417 121 1462 eum
142 1402 214 1463 tres
238 1400 334 1464 lunae
357 1402 391 1463 et
413 1417 486 1464 oum
507 1397 604 1483 faces,
627 1402 757 1464 etcum
780 1400 830 1464 sol
851 1404 947 1466 nocte
969 1400 1059 1465 visus

61 1490 113 1569 est,
135 1491 170 1552 et
193 1507 270 1552 cum
293 1507 311 1552 e
334 1487 423 1552 caelo
445 1486 596 1552 fremitus
620 1486 758 1570 auditus,
781 1490 910 1552 etcum
933 1488 1059 1553 eaelum

33 1589 50 1628 1⁵
61 1573 239 1640 discessisse
265 1575 372 1640 visum
399 1578 450 1640 est
476 1579 574 1660 atque
600 1575 636 1639 in
659 1595 697 1639 eo
721 1573 937 1639 animadversi
960 1575 1060 1660 globi,

60 1661 157 1728 delata
185 1664 289 1728 etiam
315 1663 357 1728 ad
383 1667 533 1729 senatum
555 1662 629 1728 labe
651 1661 723 1746 agri
744 1661 958 1745 Privernatis,
986 1683 1060 1728 cum

60 1749 94 1814 ad
121 1752 289 1816 infinitam
320 1751 526 1817 altitudinem
556 1755 645 1816 terra
672 1749 848 1814 desedisset
874 1749 1060 1835 Apuliaque

60 1840 202 1905 maximis
221 1844 332 1905 terrae
348 1840 491 1906 motibus
510 1841 727 1925 conquassata
742 1841 828 1902 esset
842 1835 974 1923 (quibus
987 1859 1061 1923 por·

60 1928 149 1992 tentis
173 1949 297 2014 magna
318 1929 438 2014 populo
456 1927 604 1993 Romano
628 1927 716 1992 bella
732 1923 995 2012 perniciosaeque
1014 1947 1061 1990 se·

34 2014 191 2082 aditiones
221 2015 509 2100 denuntiabantur3
537 2017 635 2099 inque
657 2015 709 2079 his
732 2011 882 2080 omnibus
904 2035 1061 2102 responsa

61 2101 264 2190 haruspicum
282 2125 355 2170 oum
368 2101 513 2188 Sibyllae
531 2103 678 2169 versibus
692 2101 943 2254 oonqpuebanth
983 2103 1059 2168 uid?
1079 2117 1114 2168 98

62 2211 125 2256 cum
149 2191 265 2258 Cumis
288 2192 411 2277 Apollo
438 2191 580 2276 sudavit,
610 2189 740 2276 Capuae
793 2191 931 2256 ictoria‘l
962 2191 1060 2276 quid?

62 2283 144 2344 ortus
163 2279 347 2366 androgyni
363 2299 471 2346 nonne
487 2279 590 2344 fatale
604 2279 765 2363 quoddam
779 2283 963 2343 monstrum
975 2278 1060 2343 fuit?

63 2367 152 2450 quid?
176 2389 252 2433 oum
268 2367 386 2434 fluvius
400 2367 538 2433 Atratus
556 2367 713 2454 sanguine
731 2366 846 2431 fluxit?
869 2365 968 2448 quid?
988 2387 1062 2430 cum

34 2467 149 2541 tsaepe
173 2455 332 2541 lapidum,
353 2456 520 2542 sanguinis
542 2475 609 2521 non
629 2475 816 2537 numquam,
838 2457 946 2517 terrae
964 2453 1062 2518 inter-

63 2543 140 2630 dum,
158 2545 325 2629 quondam
343 2545 443 2609 etiam
461 2544 556 2609 lactis
574 2543 678 2607 imber
693 2539 847 2605 defluxit?
870 2539 970 2625 quid?
989 2561 1063 2606 oum

63 2629 92 2695 in
112 2631 277 2718 Capitolio
299 2632 384 2697 ictus
408 2630 586 2698 Centaurus
609 2651 627 2694 e
649 2628 739 2695 eaelo
763 2631 822 2711 est,
843 2627 879 2693 in
897 2627 1060 2693 Aventino

63 2725 171 2802 portae
194 2721 229 2784 et
249 2719 407 2804 homines,
429 2717 561 2786 Tusculi
584 2718 678 2784 aedes
699 2714 845 2782 Castoris
869 2719 903 2780 et
919 2715 1062 2782 Pollucis

64 2805 245 2892 Romaeque
271 2807 423 2873 Pietatis:
453 2827 559 2873 nonne
591 2811 626 2871 et
651 2804 840 2889 haruspices
868 2823 906 2869 ea
932 2825 1063 2890 respon·

36 2894 187 2980 ederunt,
215 2917 297 2980 quae
321 2899 508 2977 evenerunt,
535 2898 569 2960 et
590 2894 626 2958 in
648 2890 792 2975 Sibyllae
814 2891 908 2957 libris
933 2894 1062 2958 eaedem

65 2989 205 3069 repertae
227 2982 463 3069 praedictiones
486 2981 585 3047 sunt?

124 3071 283 3138 Caeciliae
301 3069 338 3148 Q.
360 3071 447 3136 filiae
466 3069 592 3136 somnio
609 3069 706 3135 modo
719 3067 858 3136 Marsico
871 3069 965 3136 bello
983 3047 1116 3134 tem-44

65 3158 149 3242 plum
172 3164 224 3225 est
246 3181 267 3224 a
289 3163 404 3225 senatu
426 3157 543 3224 lunoni
564 3155 715 3244 Sospitae
737 3159 934 3223 restitutum.
971 3154 1063 3231 Quod
1081 3125 1115 3172 ⁹⁹

66 3248 187 3330 quidem
218 3247 380 3313 somnium
406 3244 542 3311 Sisenna
571 3265 644 3312 cum
671 3245 902 3331 disputavisset
929 3243 1063 3307 mirifice

37 3335 103 3398 stad
114 3338 250 3401 verbum
263 3357 336 3402 cum
354 3355 389 3400 re
407 3334 602 3417 convenisse,
621 3337 692 3398 tum
705 3333 890 3414 insolenter,
908 3330 1003 3395 eredo
1022 3329 1064 3395 ab

66 3419 218 3508 Epicureo
241 3424 351 3509 aliquo
374 3423 537 3506 inductus,
560 3421 706 3506 disputat
733 3418 867 3484 somniis
890 3418 977 3482 credi
998 3439 1065 3482 non

68 3516 219 3596 oportere.
240 3509 331 3577 Idem
345 3514 459 3576 contra
472 3513 602 3575 ostenta
614 3508 698 3600 nihil
713 3507 858 3591 disputat
871 3503 1065 3590 exponitque
