2458 3934
191 203 256 267 146
533 200 582 254 nn
601 197 843 254 nnmauoun

190 348 301 412 decern
329 346 523 429 interpretes
551 344 692 409 delectos
720 365 738 408 e
765 343 898 408 civitate
921 363 991 406 esse
1013 343 1196 406 voluerunt.

189 434 240 498 Ex
265 454 328 517 quo
352 454 469 518 genere
493 445 588 516 saepe
612 431 814 496 hariolorum
836 431 935 494 etiam
959 435 992 494 et
1013 434 1132 496 vatum
1153 430 1197 494 fu-

189 521 343 586 ribundas
376 519 627 606 praedictiones,
658 524 696 584 ut
727 517 905 584 Octaviano
937 518 1024 582 bello
1054 517 1198 583 Cornelii

190 607 338 693 Culleoli,
361 608 534 674 audiendas
557 612 762 692 putaverunt.
797 604 865 672 Nec
883 627 959 671 vero
980 607 1111 670 somnia
1130 627 1198 692 gra·

189 697 294 781 viora,
322 697 351 762 si
378 717 460 781 quae
488 696 529 760 ad
554 718 622 760 rem
645 696 809 780 publicam
832 695 993 779 pertinere
1016 695 1093 760 visa
1117 699 1217 776 sunta

189 809 209 850 a
232 807 358 850 summo
382 783 517 850 consilio
544 785 694 870 neglecta
717 786 801 848 sunt.
847 781 1055 858 Quinetiam
1081 804 1199 848 memo

189 874 239 938 ria
265 876 379 938 nostra
405 871 564 956 templum
591 871 724 935 Iunonis
752 868 901 956 Sospitae
930 869 965 934 L.
993 869 1117 954 lulius,
1147 871 1198 954 qui

189 984 262 1028 cum
275 959 311 1026 P.
324 960 449 1026 Rutilio
472 960 584 1024 consul
602 959 673 1042 fuit,
697 958 736 1024 de
755 963 885 1022 senatus
904 959 1069 1023 sententia
1087 958 1198 1022 refecit

149 1072 229 1164 3ex
252 1048 418 1134 Caeciliae,
440 1046 595 1114 Baliarici
616 1046 713 1128 filiae,
735 1047 870 1111 somnio.

154 1178 171 1226 5
255 1137 365 1220 Atque
387 1137 475 1218 haec,
497 1140 534 1200 ut
558 1157 618 1222 ego
642 1136 791 1217 arbitror,
814 1140 938 1199 veteres
961 1155 1075 1198 rerum
1095 1134 1217 1220 magisr

190 1225 314 1290 eventis
337 1223 454 1288 moniti
477 1243 574 1305 quam
597 1223 723 1288 ratione
746 1222 833 1286 docti
856 1223 1089 1307 probavenmt.
1127 1221 1195 1286 Phi-

189 1311 401 1396 losophorum
427 1331 503 1374 vero
532 1311 692 1395 exquisita
720 1309 878 1394 quaedam
906 1313 1117 1396 argumenta,
1144 1331 1196 1374 cur

190 1403 276 1464 esset
303 1420 380 1464 vera
408 1397 578 1482 divinatio,
606 1398 743 1464 collecta
769 1402 859 1484 sunt;
891 1420 907 1462 e
935 1398 1069 1482 quibua,
1101 1401 1139 1462 nt
1161 1397 1194 1460 de

189 1485 434 1574 antiquissumis
462 1487 591 1570 loquar,
619 1485 840 1571 Colophonius
863 1485 1084 1570 Xenophanes
1107 1507 1194 1566 unus,

163 1576 244 1660 ‚qui
272 1575 348 1640 deos
371 1596 441 1640 esse
464 1574 596 1656 diceret,
623 1573 855 1639 divinationem
877 1573 1023 1638 funditus
1048 1573 1217 1653 aasentias

189 1663 305 1748 reliqui
340 1684 416 1728 vero
452 1684 562 1727 omnes
591 1666 721 1747 praeter
752 1661 928 1747 Epicurum
957 1662 1193 1727 balbutientem

189 1753 368 1818 denatura
391 1752 523 1817 deornm
546 1750 777 1815 divinationem
800 1750 1033 1834 probaveramt,
1058 1751 1193 1816 sednon

188 1862 252 1904 uno
283 1839 387 1905 modo.
436 1837 523 1904 Nam
553 1860 625 1904 cum
655 1835 804 1903 Socrates
835 1859 1008 1922 omnesque
1040 1835 1191 1904 Socratici

189 1927 337 2012 Zenoque
360 1930 394 1991 et
416 1925 450 2009 ii,
473 1925 528 2010 qui
551 1926 592 1992 ab
616 1948 653 1991 eo
677 1929 785 1991 essent
802 1925 949 2010 profecti,
972 1925 1191 1992 manerentin

189 2015 397 2098 antiquorum
418 2012 688 2099 philosophorum
712 2013 874 2078 sententia
895 2018 1003 2079 vetere
1017 2013 1216 2080 Academica

174 2105 222 2165 et
244 2099 470 2186 Peripateticis
493 2102 778 2185 consentientibus,
802 2123 937 2186 cumque
959 2101 1035 2166 huic
1058 2103 1109 2168 rei
1131 2123 1189 2165 ma·
1215 2143 1216 2152 κ

190 2209 288 2275 gnam
320 2189 548 2254 auctoritatem
577 2187 783 2276 Pythagoras
813 2189 879 2254 iam
909 2194 984 2254 ante
1014 2190 1189 2268 tribuisset,

190 2277 245 2361 qui
273 2275 372 2342 etiam
399 2277 469 2362 ipse
497 2297 600 2362 augur
628 2278 728 2342 vellet
756 2297 840 2362 esse,
867 2277 1092 2362 plurumisque
1114 2277 1188 2342 locis

190 2365 299 2452 gravis
330 2368 442 2430 auctor
463 2363 669 2430 Democritus
695 2365 956 2450 praesensionem
979 2387 1088 2430 rerum
1111 2365 1188 2430 futu
1214 2419 1215 2432 ,

189 2476 298 2518 rarum
326 2453 553 2538 conprobaret,
582 2451 799 2519 Dicaearchus
822 2451 1057 2539 Peripateticus
1088 2458 1214 2519 ceteras

189 2541 397 2606 divinationis
420 2562 539 2628 genera
562 2541 703 2623 sustulit,
727 2541 925 2606 somniorum
948 2544 981 2606 et
1003 2540 1125 2607 furoris
1146 2561 1187 2603 re

157 2657 160 2662 ¹
188 2629 294 2715 liquit,
317 2628 568 2714 Cratippusque,
591 2629 761 2692 familiaris
784 2631 910 2712 noster,
934 2649 1029 2714 quem
1054 2651 1116 2716 ego
1137 2650 1186 2713 pa-

188 2739 258 2782 rem
288 2717 421 2783 summis
444 2715 669 2800 Peripateticis
698 2717 817 2799 iudico,
846 2717 949 2782 isdem
976 2718 1074 2782 rebus
1097 2717 1185 2782 fidem

153 2805 317 2887 otribuit,
345 2805 470 2889 reliqna
498 2804 704 2869 divinationis
729 2825 848 2890 genera
870 2805 988 2870 reiecit.
1034 2803 1098 2871 Sed
1120 2825 1185 2870 cum

190 2890 290 2954 Stoici
321 2893 430 2956 omnia
457 2892 525 2956 fere
551 2892 611 2956 illa
637 2892 856 2976 defenderent,
885 2892 970 2977 quod
993 2896 1026 2957 et
1050 2891 1135 2959 Zeno
1155 2891 1213 2954 ina

190 2979 256 3042 suis
280 2979 518 3044 commentariis
538 2979 631 3064 quasi
650 2981 773 3044 semina
791 2981 948 3063 quaedam
967 2981 1140 3066 sparsisset
1156 2981 1184 3041 et

190 3088 227 3130 ea
241 3061 415 3131 Cleanthes
435 3067 532 3150 paulo
551 3068 702 3132 uberiora
719 3065 858 3152 fecisset,
877 3069 1011 3134 accessit
1026 3085 1183 3135 acerrumo

187 3153 238 3219 vir
256 3153 396 3239 ingenio,
414 3151 624 3238 Chrysippus,
648 3155 703 3239 qui
720 3159 826 3220 totam
844 3156 884 3221 de
902 3157 1100 3222 divinatione
1117 3157 1184 3220 duo

189 3243 249 3307 bus
267 3241 361 3306 libris
381 3239 554 3326 explicavit
573 3243 776 3327 sententiam,
799 3266 863 3309 uno
882 3248 1050 3330 praeterea
1066 3245 1104 3309 de
1122 3263 1182 3308 ora·

190 3329 262 3412 olis,
289 3350 353 3394 uno
378 3330 416 3393 de
440 3327 587 3412 somniis3
611 3351 705 3413 quem
729 3333 926 3416 subsequens
950 3354 1051 3398 unum
1072 3333 1211 3413 librant

184 3415 388 3500 Babylonius
411 3415 574 3501 Diogenes
603 3416 715 3501 edidit,
747 3419 815 3483 eius
844 3421 984 3504 auditor,
1014 3421 1076 3486 duo
1099 3417 1181 3484 Anti-

159 3524 166 3544 *
190 3507 298 3588 pater,
325 3505 464 3587 quinque
492 3505 603 3566 noster
624 3503 826 3570 Posidonius.
872 3506 934 3576 Sed
957 3531 977 3573 a
999 3506 1115 3573 Stoicis
1136 3504 1180 3572 vel
