2476 3936
156 441 247 592 pgina
273 438 392 591 tsenuiss.
406 437 481 502 illos
508 436 543 500 in
565 435 752 587 ltmddliibus
775 429 909 499 Graecis
927 433 1057 586 gregrem
1086 454 1162 534 1111

157 551 256 593 eiam
328 547 420 592 aas
445 545 480 589 re
529 541 604 588 sne
678 543 715 587 eo
740 543 793 586 om
819 544 837 588 o
866 544 927 586 sun
968 543 1048 586 1em
1097 541 1163 584 um·

88 603 91 608 ¹
158 639 233 700 que,
265 551 346 700 qulds
376 614 427 678 illi
459 545 623 696 odiosos
655 545 837 695 appldllait,
868 611 904 676 iu
930 605 1028 675 Creta
1056 543 1163 674 adtem

158 705 280 786 decem,
312 703 368 787 qui
399 721 550 767 cosmoe
581 702 751 782 vocantur,
780 703 821 763 ut
852 702 967 764 contra
996 697 1196 764 consulares

157 822 184 872 p.
204 795 270 873 111]
293 790 465 875 imperium
491 788 617 852 tribuni
643 785 702 874 pl„
728 782 775 852 sic
797 786 849 850 illi
871 790 985 852 contra
1007 787 1075 851 vim
1096 785 1101 869 Ι
1120 807 1164 849 re

159 880 247 968 giam
270 877 448 946 constituti.

106 957 150 1021 34
224 967 376 1052 †Fuerat
397 967 537 1032 fortasse
560 965 670 1049 aliqua
688 964 774 1030 ratio
794 963 973 1030 maioribus
990 963 1116 1029 nostris
1133 962 1166 1026 in

105 1034 217 1123 ‘''9i110
245 1079 318 1122 aere
341 1056 447 1122 alieno
470 1053 630 1135 medendi,
658 1072 740 1137 quae
761 1073 866 1142 neque
890 1049 1045 1118 Solonem
1069 1051 1165 1116 Athe·

158 1146 302 1211 niensem
333 1165 399 1210 non
430 1142 537 1228 longis
569 1141 770 1226 temporibus
803 1144 878 1206 ante
904 1139 1036 1226 fugerat
1063 1161 1164 1224 neque
1177 1155 1197 1194 1⁰

158 1238 234 1318 post
262 1234 429 1316 aliquanto
456 1234 606 1295 nostrum
634 1233 796 1312 senatum,
828 1247 901 1294 eum
928 1232 1006 1295 sunt
1033 1232 1166 1314 propter

158 1321 253 1385 unius
282 1320 451 1384 libidinem
479 1319 588 1384 omnia
614 1339 697 1384 nexa
724 1311 842 1383 civium
870 1317 1012 1382 liberata
1034 1317 1166 1383 nectier-

159 1431 220 1493 que
244 1412 357 1492 postea
380 1407 533 1490 desitum3
557 1427 747 1490 semperque
769 1406 844 1471 huic
868 1406 988 1490 generi,-
1011 1427 1087 1471 cum
1105 1407 1166 1490 ple·

158 1525 186 1577 p.
207 1499 271 1578 191]
295 1497 352 1561 bes
375 1495 506 1580 publica
529 1494 714 1558 calamitate
737 1493 896 1579 inpendiis
916 1489 1100 1579 delbilitata
1118 1495 1166 1558 do·

158 1587 282 1668 ficeret,
319 1577 434 1650 salutis
472 1583 615 1648 omnium
648 1603 745 1646 causa
777 1582 887 1666 aliqua
918 1575 1105 1648 sublevatio
1137 1585 1166 1646 ct
1178 1597 1198 1637 1⁵

160 1673 317 1739 medicina
341 1672 489 1758 quaesita
507 1675 565 1736 est.
601 1669 672 1746 Quo
690 1675 762 1735 tum
781 1670 917 1736 consilio
936 1671 1166 1756 praetermisso

160 1784 257 1827 causa
279 1761 403 1847 populo
424 1764 503 1826 nata
526 1764 585 1842 est,
609 1759 734 1824 duobus
756 1758 896 1823 tribunis
919 1757 1026 1844 plebis
1046 1783 1106 1844 per
1124 1782 1166 1824 se

161 1851 316 1915 ditionem
344 1845 462 1915 creatis
484 1852 522 1913 ut
544 1848 692 1932 potentia
715 1850 845 1912 senatus
869 1851 968 1931 atque
991 1849 1166 1914 auctoritas

161 1939 372 2021 minueretur;
400 1958 482 2021 quae
507 1939 619 2000 tamen
647 1935 756 2021 gravis
776 1939 813 1999 et
835 1957 956 2021 magna
978 1937 1166 2002 remanebat

161 2025 409 2112 sapientissimis
424 2028 466 2089 et
487 2023 675 2088 fortissimis
699 2027 732 2088 et
754 2023 853 2088 armis
878 2028 911 2088 et
931 2024 1073 2090 consilio
1096 2025 1199 2090 civi-2⁰

160 2143 187 2194 p.
209 2116 273 2195 111]
300 2117 404 2178 tatem
435 2112 615 2196 tuentibus,
648 2132 784 2196 quorum
814 2109 1001 2197 auctolritas
1030 2113 1166 2178 maxime

160 2201 307 2284 florebat,
330 2201 425 2285 quod,
447 2223 519 2265 eum
537 2200 660 2265 honore
678 2201 776 2286 longe
794 2199 1026 2266 antecellerent
1045 2201 1166 2285 ceteris,

160 2287 384 2374 voluptatibus
408 2292 501 2354 erant
523 2281 691 2353 interiores
713 2309 772 2354 nec
790 2289 934 2373 pecuniis
952 2287 1057 2354 ferme
1076 2311 1165 2375 supe·

161 2378 276 2462 riores3
300 2391 401 2462 eoque
424 2380 495 2442 erat
518 2376 671 2460 cuiusque
695 2377 820 2462 gratior
842 2377 876 2440 in
898 2399 934 2441 re
956 2377 1091 2461 publica
1108 2377 1165 2442 vir·

160 2470 228 2551 tus,
260 2465 346 2550 quod
376 2466 412 2530 in
442 2465 538 2529 rebus
570 2464 708 2549 privatis
740 2459 989 2552 diligentissime
1021 2465 1164 2552 singulos
1177 2479 1198 2519 2⁵

161 2555 246 2619 cives
270 2575 377 2640 opera,
400 2551 546 2636 consilio,
569 2573 603 2616 re
626 2553 810 2618 tuebantur.

109 2621 152 2686 35
228 2641 298 2718 Quo
328 2642 362 2706 in
392 2644 481 2706 statu
509 2640 556 2705 rei
583 2639 731 2725 publicae
756 2638 810 2725 Sp.
833 2639 983 2706 Cassium
1013 2642 1053 2708 de
1081 2663 1165 2708 oceu-

109 2699 143 2746 60
161 2731 268 2816 pando
291 2751 392 2816 regno
415 2729 611 2812 molientem,
634 2750 762 2794 summa
781 2729 866 2813 apud
884 2729 1043 2814 populum
1063 2730 1164 2818 gratia

161 2847 188 2897 p.
214 2821 278 2898 130]
310 2819 493 2902 florentem,
525 2820 677 2904 quaestor
706 2817 711 2899 Ι
739 2817 916 2901 accusavit,
951 2839 1102 2904 eumque,
1131 2821 1164 2882 ut

162 2905 311 2988 audistis,
344 2927 417 2970 cum
447 2909 541 2990 pater
572 2905 606 2969 in
638 2925 676 2970 ea
703 2906 797 2990 culpa
824 2927 894 2970 esse
921 2908 1107 2991 conperisse
1133 2927 1164 2970 se
1176 2920 1197 2960 ³⁰

162 2993 308 3074 dixisset,
336 2992 467 3057 cedente
489 2994 610 3079 populo
634 2997 739 3058 morte
761 2994 926 3060 mactavit.
967 2993 1164 3080 Gratamque

150 3081 260 3146 ctiam
287 3079 380 3144 illam
407 3081 513 3166 legem
541 3085 657 3166 quarto
685 3081 811 3147 circiter
838 3086 871 3146 et
899 3083 1163 3171 quinquagesimo

162 3192 246 3235 anno
278 3172 354 3255 post
381 3168 503 3253 primos
531 3171 679 3235 consules
707 3170 745 3234 de
773 3171 877 3235 multa
904 3174 937 3234 et
965 3175 1164 3238 sacramento

162 3257 215 3342 Sp.
238 3257 395 3341 Tarpeius
423 3261 455 3321 et
478 3256 516 3320 A.
541 3255 693 3323 Aternius
721 3259 868 3324 consules
896 3259 1037 3324 comitiis
1061 3263 1164 3326 centu·

162 3343 256 3409 riatis
278 3345 434 3409 tulerunt.
474 3343 577 3408 Annis
600 3351 715 3430 postea
737 3363 785 3410 xx
809 3369 848 3410 ex
871 3369 918 3430 eo,
941 3348 1029 3432 quod
1051 3348 1088 3416 L.
1109 3348 1196 3412 Pau

161 3459 189 3509 p.
203 3434 252 3511 41]
275 3431 376 3515 pirius
396 3430 431 3493 P.
449 3429 598 3496 Pinarius
621 3431 777 3518 censolres
801 3435 914 3500 multis
937 3435 1080 3501 dicendis
1100 3437 1165 3502 rim

163 3522 383 3582 armentorum
410 3538 430 3581 a
454 3517 591 3600 privatis
613 3520 648 3583 in
669 3523 836 3606 publicum
859 3527 1059 3608 averterant,
1086 3525 1164 3588 levis

156 207 221 272 326
512 203 562 256 11
580 203 629 256 aa
647 199 806 256 1111111
1229 147 1230 154 Ν

156 352 355 418 Aventinum
383 343 560 432 occupavit.
606 345 655 412 Ac
681 367 722 412 ne
747 345 889 432 Lycurgi
917 343 1044 430 quidem
1071 343 1161 408 disci·

1229 3710 1230 3754 l
