<?xml version="1.0" encoding="UTF-8"?>
<!DOCTYPE html PUBLIC "-//W3C//DTD XHTML 1.0 Transitional//EN"
    "http://www.w3.org/TR/xhtml1/DTD/xhtml1-transitional.dtd">
<html xmlns="http://www.w3.org/1999/xhtml" xml:lang="en" lang="en">
 <head>
  <title>
</title>
<meta http-equiv="Content-Type" content="text/html;charset=utf-8" />
  <meta name='ocr-system' content='tesseract 3.04.00' />
  <meta name='ocr-capabilities' content='ocr_page ocr_carea ocr_par ocr_line ocrx_word'/>
</head>
<body>
  <div class='ocr_page' id='page_1' title='image "./mtulliiciceroni03mlgoog_0174.png"; bbox 0 0 2458 3934; ppageno 0'>
   <div class='ocr_carea' id='block_1_1' title="bbox 323 186 1052 258">
    <p class='ocr_par' dir='ltr' id='par_1_1' title="bbox 323 186 1052 258">
     <span class='ocr_line' id='line_1_1' title="bbox 323 186 1052 258; baseline 0.019 -18"><span class='ocrx_word' id='word_1_1' title='bbox 323 186 389 243; x_wconf 78' lang='lat' dir='ltr'><strong>urs.</strong></span> <span class='ocrx_word' id='word_1_2' title='bbox 410 187 458 244; x_wconf 89' lang='lat'>111.</span> <span class='ocrx_word' id='word_1_3' title='bbox 478 186 554 246; x_wconf 82' lang='lat' dir='ltr'><strong>cAP.</strong></span> <span class='ocrx_word' id='word_1_4' title='bbox 575 195 651 246; x_wconf 85' lang='lat' dir='ltr'><strong>1-a.</strong></span> <span class='ocrx_word' id='word_1_5' title='bbox 671 194 687 255; x_wconf 72' lang='lat' dir='ltr'><strong>s</strong></span> <span class='ocrx_word' id='word_1_6' title='bbox 705 196 783 246; x_wconf 75' lang='lat'><strong>1-7.</strong></span> <span class='ocrx_word' id='word_1_7' title='bbox 989 192 1052 258; x_wconf 86' lang='grc'><strong>109</strong></span> 
     </span>
    </p>
   </div>
   <div class='ocr_carea' id='block_1_2' title="bbox 42 331 1099 3242">
    <p class='ocr_par' dir='ltr' id='par_1_2' title="bbox 42 331 1099 3242">
     <span class='ocr_line' id='line_1_2' title="bbox 72 331 1055 419; baseline 0.004 -23"><span class='ocrx_word' id='word_1_8' title='bbox 72 332 192 416; x_wconf 80' lang='lat' dir='ltr'><strong>labatur,</strong></span> <span class='ocrx_word' id='word_1_9' title='bbox 212 335 251 399; x_wconf 90' lang='lat' dir='ltr'><strong>ut</strong></span> <span class='ocrx_word' id='word_1_10' title='bbox 272 331 491 399; x_wconf 81' lang='lat' dir='ltr'><strong>meminissem</strong></span> <span class='ocrx_word' id='word_1_11' title='bbox 513 354 565 398; x_wconf 89' lang='lat' dir='ltr'><strong>me</strong></span> <span class='ocrx_word' id='word_1_12' title='bbox 588 338 621 398; x_wconf 91' lang='lat' dir='ltr'><strong>et</strong></span> <span class='ocrx_word' id='word_1_13' title='bbox 644 331 779 400; x_wconf 77' lang='lat' dir='ltr'><strong>Cottam</strong></span> <span class='ocrx_word' id='word_1_14' title='bbox 801 353 872 399; x_wconf 88' lang='lat' dir='ltr'><strong>esse</strong></span> <span class='ocrx_word' id='word_1_15' title='bbox 894 336 927 400; x_wconf 89' lang='lat' dir='ltr'><strong>et</strong></span> <span class='ocrx_word' id='word_1_16' title='bbox 949 335 1055 419; x_wconf 91' lang='lat' dir='ltr'><strong>ponti·</strong></span> 
     </span>
     <span class='ocr_line' id='line_1_3' title="bbox 71 419 1055 507; baseline 0.005 -23"><span class='ocrx_word' id='word_1_17' title='bbox 71 419 158 504; x_wconf 70' lang='lat' dir='ltr'><strong>ficem</strong></span> <span class='ocrx_word' id='word_1_18' title='bbox 186 421 270 504; x_wconf 90' lang='lat' dir='ltr'><strong>quod</strong></span> <span class='ocrx_word' id='word_1_19' title='bbox 290 443 345 504; x_wconf 90' lang='lat' dir='ltr'><strong>eo,</strong></span> <span class='ocrx_word' id='word_1_20' title='bbox 369 421 476 505; x_wconf 89' lang='lat' dir='ltr'><strong>eredo,</strong></span> <span class='ocrx_word' id='word_1_21' title='bbox 498 422 643 506; x_wconf 86' lang='lat' dir='ltr'><strong>valebat,</strong></span> <span class='ocrx_word' id='word_1_22' title='bbox 666 426 703 487; x_wconf 87' lang='lat' dir='ltr'><strong>ut</strong></span> <span class='ocrx_word' id='word_1_23' title='bbox 726 421 908 506; x_wconf 75' lang='lat' dir='ltr'><strong>opinioneS,</strong></span> <span class='ocrx_word' id='word_1_24' title='bbox 931 444 1055 507; x_wconf 88' lang='lat' dir='ltr'><strong>quasa</strong></span> 
     </span>
     <span class='ocr_line' id='line_1_4' title="bbox 70 507 1054 595; baseline 0.004 -23"><span class='ocrx_word' id='word_1_25' title='bbox 70 507 225 574; x_wconf 85' lang='lat' dir='ltr'><strong>maioribus</strong></span> <span class='ocrx_word' id='word_1_26' title='bbox 249 509 431 594; x_wconf 88' lang='lat' dir='ltr'><strong>accepimus</strong></span> <span class='ocrx_word' id='word_1_27' title='bbox 454 510 492 575; x_wconf 89' lang='lat' dir='ltr'><strong>de</strong></span> <span class='ocrx_word' id='word_1_28' title='bbox 515 510 564 574; x_wconf 89' lang='lat' dir='ltr'><strong>dis</strong></span> <span class='ocrx_word' id='word_1_29' title='bbox 587 510 829 595; x_wconf 87' lang='lat' dir='ltr'><strong>inmortalibus,</strong></span> <span class='ocrx_word' id='word_1_30' title='bbox 860 532 964 595; x_wconf 89' lang='lat' dir='ltr'><strong>sacra,</strong></span> <span class='ocrx_word' id='word_1_31' title='bbox 987 533 1054 578; x_wconf 82' lang='lat' dir='ltr'><strong>cae</strong></span> 
     </span>
     <span class='ocr_line' id='line_1_5' title="bbox 70 595 1055 686; baseline 0.004 -25"><span class='ocrx_word' id='word_1_32' title='bbox 70 595 204 662; x_wconf 78' lang='lat' dir='ltr'><strong>nnonias</strong></span> <span class='ocrx_word' id='word_1_33' title='bbox 226 597 466 683; x_wconf 80' lang='lat' dir='ltr'><strong>religionesque</strong></span> <span class='ocrx_word' id='word_1_34' title='bbox 489 596 700 664; x_wconf 83' lang='lat' dir='ltr'><strong>defenderem</strong></span> <span class='ocrx_word' id='word_1_35' title='bbox 735 598 808 686; x_wconf 83' lang='lat' dir='ltr'><strong>Ego</strong></span> <span class='ocrx_word' id='word_1_36' title='bbox 831 621 908 666; x_wconf 80' lang='lat' dir='ltr'><strong>uero</strong></span> <span class='ocrx_word' id='word_1_37' title='bbox 931 621 985 665; x_wconf 91' lang='lat' dir='ltr'><strong>eas</strong></span> <span class='ocrx_word' id='word_1_38' title='bbox 1005 600 1055 665; x_wconf 89' lang='lat' dir='ltr'><strong>de-</strong></span> 
     </span>
     <span class='ocr_line' id='line_1_6' title="bbox 52 682 1056 772; baseline 0.007 -24"><span class='ocrx_word' id='word_1_39' title='bbox 52 682 178 750; x_wconf 74' lang='lat' dir='ltr'><strong>sfendam</strong></span> <span class='ocrx_word' id='word_1_40' title='bbox 215 707 342 770; x_wconf 88' lang='lat' dir='ltr'><strong>semper</strong></span> <span class='ocrx_word' id='word_1_41' title='bbox 377 708 566 772; x_wconf 85' lang='lat' dir='ltr'><strong>semperque</strong></span> <span class='ocrx_word' id='word_1_42' title='bbox 599 686 737 770; x_wconf 84' lang='lat' dir='ltr'><strong>defendi,</strong></span> <span class='ocrx_word' id='word_1_43' title='bbox 773 709 832 755; x_wconf 89' lang='lat' dir='ltr'><strong>nec</strong></span> <span class='ocrx_word' id='word_1_44' title='bbox 862 709 915 754; x_wconf 88' lang='lat' dir='ltr'><strong>me</strong></span> <span class='ocrx_word' id='word_1_45' title='bbox 947 710 986 753; x_wconf 84' lang='lat' dir='ltr'><strong>ex</strong></span> <span class='ocrx_word' id='word_1_46' title='bbox 1017 710 1056 755; x_wconf 92' lang='lat' dir='ltr'><strong>ea</strong></span> 
     </span>
     <span class='ocr_line' id='line_1_7' title="bbox 69 772 1057 861; baseline 0.007 -25"><span class='ocrx_word' id='word_1_47' title='bbox 69 772 214 856; x_wconf 85' lang='lat' dir='ltr'><strong>opinione,</strong></span> <span class='ocrx_word' id='word_1_48' title='bbox 241 796 340 859; x_wconf 87' lang='lat' dir='ltr'><strong>quam</strong></span> <span class='ocrx_word' id='word_1_49' title='bbox 366 797 388 840; x_wconf 85' lang='lat' dir='ltr'><strong>a</strong></span> <span class='ocrx_word' id='word_1_50' title='bbox 414 774 592 840; x_wconf 89' lang='lat' dir='ltr'><strong>maioribus</strong></span> <span class='ocrx_word' id='word_1_51' title='bbox 619 776 728 861; x_wconf 86' lang='lat' dir='ltr'><strong>accepi</strong></span> <span class='ocrx_word' id='word_1_52' title='bbox 745 775 790 842; x_wconf 82' lang='lat' dir='ltr'><strong>de</strong></span> <span class='ocrx_word' id='word_1_53' title='bbox 812 776 902 844; x_wconf 86' lang='lat' dir='ltr'><strong>cultu</strong></span> <span class='ocrx_word' id='word_1_54' title='bbox 924 777 1057 843; x_wconf 86' lang='lat' dir='ltr'><strong>deorum</strong></span> 
     </span>
     <span class='ocr_line' id='line_1_8' title="bbox 69 860 1057 948; baseline 0.005 -23"><span class='ocrx_word' id='word_1_55' title='bbox 69 860 287 948; x_wconf 84' lang='lat' dir='ltr'><strong>inmortalium,</strong></span> <span class='ocrx_word' id='word_1_56' title='bbox 313 863 414 929; x_wconf 88' lang='lat' dir='ltr'><strong>ullius</strong></span> <span class='ocrx_word' id='word_1_57' title='bbox 437 885 590 948; x_wconf 88' lang='lat' dir='ltr'><strong>umquam</strong></span> <span class='ocrx_word' id='word_1_58' title='bbox 612 864 719 930; x_wconf 88' lang='lat' dir='ltr'><strong>oratio</strong></span> <span class='ocrx_word' id='word_1_59' title='bbox 743 867 800 930; x_wconf 87' lang='lat' dir='ltr'><strong>aut</strong></span> <span class='ocrx_word' id='word_1_60' title='bbox 823 865 908 930; x_wconf 83' lang='lat' dir='ltr'><strong>docti</strong></span> <span class='ocrx_word' id='word_1_61' title='bbox 932 867 989 931; x_wconf 88' lang='lat' dir='ltr'><strong>aut</strong></span> <span class='ocrx_word' id='word_1_62' title='bbox 1011 865 1057 930; x_wconf 90' lang='lat' dir='ltr'><strong>in-</strong></span> 
     </span>
     <span class='ocr_line' id='line_1_9' title="bbox 69 947 1057 1039; baseline 0.006 -27"><span class='ocrx_word' id='word_1_63' title='bbox 69 947 138 1013; x_wconf 87' lang='lat' dir='ltr'><strong>docti</strong></span> <span class='ocrx_word' id='word_1_64' title='bbox 159 951 313 1017; x_wconf 88' lang='lat' dir='ltr'><strong>movebit.</strong></span> <span class='ocrx_word' id='word_1_65' title='bbox 350 949 413 1016; x_wconf 82' lang='lat' dir='ltr'><strong>Sed</strong></span> <span class='ocrx_word' id='word_1_66' title='bbox 436 973 509 1018; x_wconf 90' lang='lat' dir='ltr'><strong>cum</strong></span> <span class='ocrx_word' id='word_1_67' title='bbox 532 953 571 1018; x_wconf 89' lang='lat' dir='ltr'><strong>de</strong></span> <span class='ocrx_word' id='word_1_68' title='bbox 593 952 751 1039; x_wconf 81' lang='lat' dir='ltr'><strong>religione</strong></span> <span class='ocrx_word' id='word_1_69' title='bbox 774 952 892 1038; x_wconf 79' lang='lat' dir='ltr'><strong>egitur,</strong></span> <span class='ocrx_word' id='word_1_70' title='bbox 914 951 962 1017; x_wconf 85' lang='lat' dir='ltr'><strong>Ti.</strong></span> <span class='ocrx_word' id='word_1_71' title='bbox 998 950 1057 1018; x_wconf 83' lang='lat' dir='ltr'><strong>Oo-</strong></span> 
     </span>
     <span class='ocr_line' id='line_1_10' title="bbox 69 1034 1057 1126; baseline 0.005 -23"><span class='ocrx_word' id='word_1_72' title='bbox 69 1039 252 1124; x_wconf 82' lang='lat' dir='ltr'><strong>runeanium,</strong></span> <span class='ocrx_word' id='word_1_73' title='bbox 289 1038 326 1105; x_wconf 91' lang='lat' dir='ltr'><strong>P.</strong></span> <span class='ocrx_word' id='word_1_74' title='bbox 358 1034 553 1126; x_wconf 80' lang='lat' dir='ltr'><strong>Scipionem,</strong></span> <span class='ocrx_word' id='word_1_75' title='bbox 581 1040 617 1106; x_wconf 94' lang='lat' dir='ltr'><strong>P.</strong></span> <span class='ocrx_word' id='word_1_76' title='bbox 650 1039 852 1125; x_wconf 87' lang='lat' dir='ltr'><strong>Scaevolam,</strong></span> <span class='ocrx_word' id='word_1_77' title='bbox 887 1040 1057 1125; x_wconf 90' lang='lat' dir='ltr'><strong>pontifices</strong></span> 
     </span>
     <span class='ocr_line' id='line_1_11' title="bbox 43 1126 1058 1216; baseline 0.005 -27"><span class='ocrx_word' id='word_1_78' title='bbox 43 1126 220 1212; x_wconf 76' lang='lat' dir='ltr'><strong>unanimos,</strong></span> <span class='ocrx_word' id='word_1_79' title='bbox 248 1149 316 1193; x_wconf 91' lang='lat' dir='ltr'><strong>non</strong></span> <span class='ocrx_word' id='word_1_80' title='bbox 341 1126 503 1195; x_wconf 89' lang='lat' dir='ltr'><strong>Zenonem</strong></span> <span class='ocrx_word' id='word_1_81' title='bbox 531 1133 587 1194; x_wconf 87' lang='lat' dir='ltr'><strong>aut</strong></span> <span class='ocrx_word' id='word_1_82' title='bbox 614 1128 795 1196; x_wconf 82' lang='lat' dir='ltr'><strong>Cleanthen</strong></span> <span class='ocrx_word' id='word_1_83' title='bbox 822 1131 878 1194; x_wconf 86' lang='lat' dir='ltr'><strong>aut</strong></span> <span class='ocrx_word' id='word_1_84' title='bbox 906 1127 1058 1216; x_wconf 82' lang='lat' dir='ltr'><strong>Chrysip-</strong></span> 
     </span>
     <span class='ocr_line' id='line_1_12' title="bbox 68 1215 1058 1304; baseline 0.003 -24"><span class='ocrx_word' id='word_1_85' title='bbox 68 1235 131 1297; x_wconf 89' lang='lat' dir='ltr'><strong>pum</strong></span> <span class='ocrx_word' id='word_1_86' title='bbox 151 1237 270 1301; x_wconf 83' lang='lat' dir='ltr'><strong>sequor</strong></span> <span class='ocrx_word' id='word_1_87' title='bbox 287 1216 457 1301; x_wconf 77' lang='lat' dir='ltr'><strong>habeoque</strong></span> <span class='ocrx_word' id='word_1_88' title='bbox 470 1215 504 1282; x_wconf 76' lang='lat'><strong>0.</strong></span> <span class='ocrx_word' id='word_1_89' title='bbox 517 1216 666 1283; x_wconf 80' lang='lat' dir='ltr'><strong>Laelium</strong></span> <span class='ocrx_word' id='word_1_90' title='bbox 684 1239 839 1304; x_wconf 80' lang='lat' dir='ltr'><strong>augurem</strong></span> <span class='ocrx_word' id='word_1_91' title='bbox 859 1216 1058 1303; x_wconf 89' lang='lat' dir='ltr'><strong>eundemque</strong></span> 
     </span>
     <span class='ocr_line' id='line_1_13' title="bbox 68 1304 1058 1393; baseline 0.007 -28"><span class='ocrx_word' id='word_1_92' title='bbox 68 1304 240 1390; x_wconf 87' lang='lat' dir='ltr'><strong>sapientem,</strong></span> <span class='ocrx_word' id='word_1_93' title='bbox 265 1326 359 1389; x_wconf 89' lang='lat' dir='ltr'><strong>quem</strong></span> <span class='ocrx_word' id='word_1_94' title='bbox 382 1305 491 1389; x_wconf 89' lang='lat' dir='ltr'><strong>potius</strong></span> <span class='ocrx_word' id='word_1_95' title='bbox 515 1306 644 1372; x_wconf 89' lang='lat' dir='ltr'><strong>audiam</strong></span> <span class='ocrx_word' id='word_1_96' title='bbox 667 1306 826 1374; x_wconf 79' lang='lat' dir='ltr'><strong>dicentem</strong></span> <span class='ocrx_word' id='word_1_97' title='bbox 845 1307 883 1372; x_wconf 95' lang='lat' dir='ltr'><strong>de</strong></span> <span class='ocrx_word' id='word_1_98' title='bbox 901 1307 1058 1393; x_wconf 81' lang='lat' dir='ltr'><strong>religione</strong></span> 
     </span>
     <span class='ocr_line' id='line_1_14' title="bbox 68 1388 1082 1484; baseline 0.008 -30"><span class='ocrx_word' id='word_1_99' title='bbox 68 1388 176 1458; x_wconf 90' lang='lat' dir='ltr'><strong>inilla</strong></span> <span class='ocrx_word' id='word_1_100' title='bbox 208 1393 356 1459; x_wconf 88' lang='lat' dir='ltr'><strong>oratione</strong></span> <span class='ocrx_word' id='word_1_101' title='bbox 387 1393 492 1460; x_wconf 92' lang='lat' dir='ltr'><strong>nobili</strong></span> <span class='ocrx_word' id='word_1_102' title='bbox 523 1416 620 1478; x_wconf 87' lang='lat' dir='ltr'><strong>quam</strong></span> <span class='ocrx_word' id='word_1_103' title='bbox 653 1417 848 1480; x_wconf 89' lang='lat' dir='ltr'><strong>quemquam</strong></span> <span class='ocrx_word' id='word_1_104' title='bbox 878 1396 1082 1484; x_wconf 47' lang='lat' dir='ltr'><strong>principem,</strong></span> 
     </span>
     <span class='ocr_line' id='line_1_15' title="bbox 69 1473 1059 1569; baseline 0.009 -29"><span class='ocrx_word' id='word_1_105' title='bbox 69 1473 242 1548; x_wconf 80' lang='lat' dir='ltr'><strong>Stoicorum.</strong></span> <span class='ocrx_word' id='word_1_106' title='bbox 288 1479 433 1565; x_wconf 78' lang='lat' dir='ltr'><strong>Cumque</strong></span> <span class='ocrx_word' id='word_1_107' title='bbox 461 1483 565 1548; x_wconf 91' lang='lat' dir='ltr'><strong>omnis</strong></span> <span class='ocrx_word' id='word_1_108' title='bbox 588 1483 702 1568; x_wconf 91' lang='lat' dir='ltr'><strong>populi</strong></span> <span class='ocrx_word' id='word_1_109' title='bbox 723 1483 863 1550; x_wconf 87' lang='lat' dir='ltr'><strong>Romani</strong></span> <span class='ocrx_word' id='word_1_110' title='bbox 885 1484 1001 1569; x_wconf 87' lang='lat' dir='ltr'><strong>religio</strong></span> <span class='ocrx_word' id='word_1_111' title='bbox 1023 1485 1059 1549; x_wconf 92' lang='lat' dir='ltr'><strong>in</strong></span> 
     </span>
     <span class='ocr_line' id='line_1_16' title="bbox 43 1570 1058 1656; baseline 0.007 -27"><span class='ocrx_word' id='word_1_112' title='bbox 43 1582 143 1633; x_wconf 72' lang='lat' dir='ltr'><strong>neaera</strong></span> <span class='ocrx_word' id='word_1_113' title='bbox 163 1573 197 1634; x_wconf 88' lang='lat' dir='ltr'><strong>et</strong></span> <span class='ocrx_word' id='word_1_114' title='bbox 219 1570 257 1636; x_wconf 91' lang='lat' dir='ltr'><strong>in</strong></span> <span class='ocrx_word' id='word_1_115' title='bbox 279 1570 423 1655; x_wconf 89' lang='lat' dir='ltr'><strong>auspicia</strong></span> <span class='ocrx_word' id='word_1_116' title='bbox 446 1570 550 1636; x_wconf 85' lang='lat' dir='ltr'><strong>divisa</strong></span> <span class='ocrx_word' id='word_1_117' title='bbox 572 1571 625 1655; x_wconf 88' lang='lat' dir='ltr'><strong>sit,</strong></span> <span class='ocrx_word' id='word_1_118' title='bbox 647 1572 782 1636; x_wconf 86' lang='lat' dir='ltr'><strong>tertium</strong></span> <span class='ocrx_word' id='word_1_119' title='bbox 801 1571 987 1636; x_wconf 90' lang='lat' dir='ltr'><strong>adiunctum</strong></span> <span class='ocrx_word' id='word_1_120' title='bbox 1005 1573 1058 1656; x_wconf 90' lang='lat' dir='ltr'><strong>sit,</strong></span> 
     </span>
     <span class='ocr_line' id='line_1_17' title="bbox 69 1655 1057 1743; baseline 0.007 -27"><span class='ocrx_word' id='word_1_121' title='bbox 69 1655 182 1739; x_wconf 87' lang='lat' dir='ltr'><strong>siquid</strong></span> <span class='ocrx_word' id='word_1_122' title='bbox 209 1657 441 1743; x_wconf 81' lang='lat' dir='ltr'><strong>praedictionis</strong></span> <span class='ocrx_word' id='word_1_123' title='bbox 468 1680 566 1726; x_wconf 86' lang='lat' dir='ltr'><strong>causa</strong></span> <span class='ocrx_word' id='word_1_124' title='bbox 593 1679 632 1722; x_wconf 84' lang='lat' dir='ltr'><strong>ex</strong></span> <span class='ocrx_word' id='word_1_125' title='bbox 658 1658 819 1743; x_wconf 89' lang='lat' dir='ltr'><strong>portentis</strong></span> <span class='ocrx_word' id='word_1_126' title='bbox 847 1661 880 1722; x_wconf 90' lang='lat' dir='ltr'><strong>et</strong></span> <span class='ocrx_word' id='word_1_127' title='bbox 902 1659 1057 1723; x_wconf 89' lang='lat' dir='ltr'><strong>monstris</strong></span> 
     </span>
     <span class='ocr_line' id='line_1_18' title="bbox 68 1738 1058 1832; baseline 0.007 -28"><span class='ocrx_word' id='word_1_128' title='bbox 68 1738 193 1827; x_wconf 84' lang='lat' dir='ltr'><strong>Sibyllae</strong></span> <span class='ocrx_word' id='word_1_129' title='bbox 225 1746 421 1832; x_wconf 88' lang='lat' dir='ltr'><strong>interpretes</strong></span> <span class='ocrx_word' id='word_1_130' title='bbox 450 1745 677 1832; x_wconf 79' lang='lat' dir='ltr'><strong>haruspicesve</strong></span> <span class='ocrx_word' id='word_1_131' title='bbox 704 1749 910 1829; x_wconf 88' lang='lat' dir='ltr'><strong>monuerunt,</strong></span> <span class='ocrx_word' id='word_1_132' title='bbox 942 1745 1058 1811; x_wconf 88' lang='lat' dir='ltr'><strong>harum</strong></span> 
     </span>
     <span class='ocr_line' id='line_1_19' title="bbox 68 1833 1059 1920; baseline 0.008 -28"><span class='ocrx_word' id='word_1_133' title='bbox 68 1849 116 1915; x_wconf 86' lang='lat' dir='ltr'><strong>ego</strong></span> <span class='ocrx_word' id='word_1_134' title='bbox 132 1834 328 1920; x_wconf 85' lang='lat' dir='ltr'><strong>religionum</strong></span> <span class='ocrx_word' id='word_1_135' title='bbox 345 1835 469 1900; x_wconf 89' lang='lat' dir='ltr'><strong>nullam</strong></span> <span class='ocrx_word' id='word_1_136' title='bbox 487 1857 642 1919; x_wconf 87' lang='lat' dir='ltr'><strong>umquam</strong></span> <span class='ocrx_word' id='word_1_137' title='bbox 660 1833 928 1900; x_wconf 87' lang='lat' dir='ltr'><strong>contemnendam</strong></span> <span class='ocrx_word' id='word_1_138' title='bbox 945 1835 1059 1919; x_wconf 85' lang='lat' dir='ltr'><strong>putavi</strong></span> 
     </span>
     <span class='ocr_line' id='line_1_20' title="bbox 68 1919 1059 2009; baseline 0.002 -24"><span class='ocrx_word' id='word_1_139' title='bbox 68 1919 194 2005; x_wconf 86' lang='lat' dir='ltr'><strong>mihique</strong></span> <span class='ocrx_word' id='word_1_140' title='bbox 217 1921 266 1988; x_wconf 90' lang='lat' dir='ltr'><strong>ita</strong></span> <span class='ocrx_word' id='word_1_141' title='bbox 288 1923 444 2009; x_wconf 89' lang='lat' dir='ltr'><strong>persuasi,</strong></span> <span class='ocrx_word' id='word_1_142' title='bbox 466 1922 642 1989; x_wconf 87' lang='lat' dir='ltr'><strong>Romulum</strong></span> <span class='ocrx_word' id='word_1_143' title='bbox 661 1922 823 2008; x_wconf 86' lang='lat' dir='ltr'><strong>auspiciis,</strong></span> <span class='ocrx_word' id='word_1_144' title='bbox 844 1921 988 1988; x_wconf 89' lang='lat' dir='ltr'><strong>Numam</strong></span> <span class='ocrx_word' id='word_1_145' title='bbox 1011 1944 1059 1988; x_wconf 88' lang='lat' dir='ltr'><strong>sa-</strong></span> 
     </span>
     <span class='ocr_line' id='line_1_21' title="bbox 43 2007 1059 2096; baseline 0.007 -27"><span class='ocrx_word' id='word_1_146' title='bbox 43 2007 117 2071; x_wconf 73' lang='lat' dir='ltr'><strong>neris</strong></span> <span class='ocrx_word' id='word_1_147' title='bbox 147 2011 335 2076; x_wconf 86' lang='lat' dir='ltr'><strong>constitutis</strong></span> <span class='ocrx_word' id='word_1_148' title='bbox 366 2011 577 2078; x_wconf 83' lang='lat' dir='ltr'><strong>fundamenta</strong></span> <span class='ocrx_word' id='word_1_149' title='bbox 605 2011 718 2077; x_wconf 86' lang='lat' dir='ltr'><strong>iecisse</strong></span> <span class='ocrx_word' id='word_1_150' title='bbox 747 2014 880 2077; x_wconf 86' lang='lat' dir='ltr'><strong>nostrae</strong></span> <span class='ocrx_word' id='word_1_151' title='bbox 907 2011 1059 2096; x_wconf 88' lang='lat' dir='ltr'><strong>civitatis,</strong></span> 
     </span>
     <span class='ocr_line' id='line_1_22' title="bbox 69 2099 1059 2184; baseline 0.007 -25"><span class='ocrx_word' id='word_1_152' title='bbox 69 2115 135 2176; x_wconf 86' lang='lat' dir='ltr'><strong>quae</strong></span> <span class='ocrx_word' id='word_1_153' title='bbox 160 2121 339 2183; x_wconf 89' lang='lat' dir='ltr'><strong>numquam</strong></span> <span class='ocrx_word' id='word_1_154' title='bbox 367 2099 513 2184; x_wconf 84' lang='lat' dir='ltr'><strong>profecto</strong></span> <span class='ocrx_word' id='word_1_155' title='bbox 539 2100 608 2165; x_wconf 86' lang='lat' dir='ltr'><strong>sine</strong></span> <span class='ocrx_word' id='word_1_156' title='bbox 630 2121 759 2166; x_wconf 88' lang='lat' dir='ltr'><strong>summa</strong></span> <span class='ocrx_word' id='word_1_157' title='bbox 780 2100 963 2184; x_wconf 84' lang='lat' dir='ltr'><strong>placatione</strong></span> <span class='ocrx_word' id='word_1_158' title='bbox 987 2100 1059 2166; x_wconf 89' lang='lat' dir='ltr'><strong>deo·</strong></span> 
     </span>
     <span class='ocr_line' id='line_1_23' title="bbox 68 2186 1094 2274; baseline -0.001 -25"><span class='ocrx_word' id='word_1_159' title='bbox 68 2203 126 2249; x_wconf 86' lang='lat' dir='ltr'><strong>rum</strong></span> <span class='ocrx_word' id='word_1_160' title='bbox 146 2187 369 2254; x_wconf 86' lang='lat' dir='ltr'><strong>inmortalium</strong></span> <span class='ocrx_word' id='word_1_161' title='bbox 393 2191 487 2253; x_wconf 85' lang='lat' dir='ltr'><strong>tanta</strong></span> <span class='ocrx_word' id='word_1_162' title='bbox 509 2209 580 2254; x_wconf 87' lang='lat' dir='ltr'><strong>esse</strong></span> <span class='ocrx_word' id='word_1_163' title='bbox 597 2188 767 2273; x_wconf 88' lang='lat' dir='ltr'><strong>potuisset.</strong></span> <span class='ocrx_word' id='word_1_164' title='bbox 803 2187 924 2272; x_wconf 87' lang='lat' dir='ltr'><strong>Habes,</strong></span> <span class='ocrx_word' id='word_1_165' title='bbox 946 2186 1059 2274; x_wconf 88' lang='lat' dir='ltr'><strong>Balbe,</strong></span> <span class='ocrx_word' id='word_1_166' title='bbox 1079 2199 1094 2248; x_wconf 81' lang='grc'><strong>6</strong></span> 
     </span>
     <span class='ocr_line' id='line_1_24' title="bbox 68 2271 1060 2362; baseline 0.005 -26"><span class='ocrx_word' id='word_1_167' title='bbox 68 2271 131 2353; x_wconf 87' lang='lat' dir='ltr'><strong>quid</strong></span> <span class='ocrx_word' id='word_1_168' title='bbox 147 2273 256 2360; x_wconf 77' lang='lat' dir='ltr'><strong>Cotta,</strong></span> <span class='ocrx_word' id='word_1_169' title='bbox 279 2275 357 2360; x_wconf 91' lang='lat' dir='ltr'><strong>quid</strong></span> <span class='ocrx_word' id='word_1_170' title='bbox 378 2275 525 2360; x_wconf 87' lang='lat' dir='ltr'><strong>pontifex</strong></span> <span class='ocrx_word' id='word_1_171' title='bbox 548 2277 682 2361; x_wconf 86' lang='lat' dir='ltr'><strong>sentiat;</strong></span> <span class='ocrx_word' id='word_1_172' title='bbox 702 2276 755 2342; x_wconf 87' lang='lat' dir='ltr'><strong>fae</strong></span> <span class='ocrx_word' id='word_1_173' title='bbox 775 2298 861 2342; x_wconf 88' lang='lat' dir='ltr'><strong>nuno</strong></span> <span class='ocrx_word' id='word_1_174' title='bbox 883 2297 945 2362; x_wconf 84' lang='lat' dir='ltr'><strong>ego</strong></span> <span class='ocrx_word' id='word_1_175' title='bbox 967 2277 1060 2342; x_wconf 89' lang='lat' dir='ltr'><strong>intel·</strong></span> 
     </span>
     <span class='ocr_line' id='line_1_25' title="bbox 69 2357 1060 2449; baseline 0.008 -27"><span class='ocrx_word' id='word_1_176' title='bbox 69 2357 176 2447; x_wconf 85' lang='lat' dir='ltr'><strong>legam,</strong></span> <span class='ocrx_word' id='word_1_177' title='bbox 197 2367 237 2429; x_wconf 89' lang='lat' dir='ltr'><strong>tu</strong></span> <span class='ocrx_word' id='word_1_178' title='bbox 260 2364 337 2448; x_wconf 90' lang='lat' dir='ltr'><strong>quid</strong></span> <span class='ocrx_word' id='word_1_179' title='bbox 360 2363 490 2430; x_wconf 87' lang='lat' dir='ltr'><strong>sentias.</strong></span> <span class='ocrx_word' id='word_1_180' title='bbox 526 2363 558 2430; x_wconf 85' lang='lat' dir='ltr'>A</span> <span class='ocrx_word' id='word_1_181' title='bbox 580 2367 613 2430; x_wconf 86' lang='lat' dir='ltr'><strong>te</strong></span> <span class='ocrx_word' id='word_1_182' title='bbox 634 2365 721 2430; x_wconf 90' lang='lat' dir='ltr'><strong>enim</strong></span> <span class='ocrx_word' id='word_1_183' title='bbox 743 2364 940 2449; x_wconf 90' lang='lat' dir='ltr'><strong>philosopho</strong></span> <span class='ocrx_word' id='word_1_184' title='bbox 962 2364 1060 2430; x_wconf 87' lang='lat' dir='ltr'><strong>ratio·</strong></span> 
     </span>
     <span class='ocr_line' id='line_1_26' title="bbox 42 2451 1060 2537; baseline 0.005 -27"><span class='ocrx_word' id='word_1_185' title='bbox 42 2459 129 2514; x_wconf 70' lang='lat' dir='ltr'><strong>²5irem</strong></span> <span class='ocrx_word' id='word_1_186' title='bbox 146 2452 291 2536; x_wconf 84' lang='lat' dir='ltr'><strong>accipere</strong></span> <span class='ocrx_word' id='word_1_187' title='bbox 310 2451 411 2516; x_wconf 92' lang='lat' dir='ltr'><strong>debeo</strong></span> <span class='ocrx_word' id='word_1_188' title='bbox 429 2451 607 2537; x_wconf 66' lang='lat' dir='ltr'><strong>religionis</strong></span> <span class='ocrx_word' id='word_1_189' title='bbox 625 2453 802 2518; x_wconf 89' lang='lat' dir='ltr'><strong>maioribus</strong></span> <span class='ocrx_word' id='word_1_190' title='bbox 816 2455 924 2516; x_wconf 86' lang='lat' dir='ltr'><strong>autem</strong></span> <span class='ocrx_word' id='word_1_191' title='bbox 938 2451 1060 2515; x_wconf 84' lang='lat' dir='ltr'><strong>nostris</strong></span> 
     </span>
     <span class='ocr_line' id='line_1_27' title="bbox 69 2536 1099 2606; baseline 0.007 -9"><span class='ocrx_word' id='word_1_192' title='bbox 69 2536 153 2604; x_wconf 86' lang='lat' dir='ltr'><strong>etiem</strong></span> <span class='ocrx_word' id='word_1_193' title='bbox 183 2540 277 2606; x_wconf 88' lang='lat' dir='ltr'><strong>nulla</strong></span> <span class='ocrx_word' id='word_1_194' title='bbox 308 2540 434 2605; x_wconf 86' lang='lat' dir='ltr'><strong>ratione</strong></span> <span class='ocrx_word' id='word_1_195' title='bbox 465 2538 591 2605; x_wconf 87' lang='lat' dir='ltr'><strong>reddita</strong></span> <span class='ocrx_word' id='word_1_196' title='bbox 622 2539 758 2604; x_wconf 87' lang='lat' dir='ltr'><strong>credere.</strong></span> <span class='ocrx_word' id='word_1_197' title='bbox 808 2538 891 2604; x_wconf 78' lang='lat' dir='ltr'><strong>Tum</strong></span> <span class='ocrx_word' id='word_1_198' title='bbox 922 2536 1099 2604; x_wconf 86' lang='lat' dir='ltr'><strong>Balbus:3</strong></span> 
     </span>
     <span class='ocr_line' id='line_1_28' title="bbox 70 2620 1060 2713; baseline -0.005 -17"><span class='ocrx_word' id='word_1_199' title='bbox 70 2620 157 2696; x_wconf 80' lang='lat' dir='ltr'><strong>Quam</strong></span> <span class='ocrx_word' id='word_1_200' title='bbox 179 2628 282 2713; x_wconf 84' lang='lat' dir='ltr'><strong>igitur</strong></span> <span class='ocrx_word' id='word_1_201' title='bbox 304 2649 324 2694; x_wconf 93' lang='lat' dir='ltr'><strong>a</strong></span> <span class='ocrx_word' id='word_1_202' title='bbox 346 2628 585 2712; x_wconf 80' lang='lat' dir='ltr'><strong>metationem,</strong></span> <span class='ocrx_word' id='word_1_203' title='bbox 607 2628 722 2711; x_wconf 88' lang='lat' dir='ltr'><strong>inquit,</strong></span> <span class='ocrx_word' id='word_1_204' title='bbox 745 2623 851 2710; x_wconf 79' lang='lat' dir='ltr'><strong>Cotta,</strong></span> <span class='ocrx_word' id='word_1_205' title='bbox 875 2624 1060 2691; x_wconf 80' lang='lat' dir='ltr'><strong>desideras?</strong></span> 
     </span>
     <span class='ocr_line' id='line_1_29' title="bbox 68 2707 1061 2802; baseline 0.004 -28"><span class='ocrx_word' id='word_1_206' title='bbox 68 2707 185 2780; x_wconf 83' lang='lat' dir='ltr'><strong>lltille:</strong></span> <span class='ocrx_word' id='word_1_207' title='bbox 209 2715 460 2802; x_wconf 78' lang='lat' dir='ltr'><strong>Quadripertita,</strong></span> <span class='ocrx_word' id='word_1_208' title='bbox 482 2716 598 2800; x_wconf 89' lang='lat' dir='ltr'><strong>inquit,</strong></span> <span class='ocrx_word' id='word_1_209' title='bbox 620 2715 684 2780; x_wconf 82' lang='lat' dir='ltr'><strong>fuit</strong></span> <span class='ocrx_word' id='word_1_210' title='bbox 702 2713 817 2780; x_wconf 85' lang='lat' dir='ltr'><strong>divisio</strong></span> <span class='ocrx_word' id='word_1_211' title='bbox 835 2717 902 2796; x_wconf 90' lang='lat' dir='ltr'><strong>tua,</strong></span> <span class='ocrx_word' id='word_1_212' title='bbox 920 2713 1061 2798; x_wconf 88' lang='lat' dir='ltr'><strong>primum</strong></span> 
     </span>
     <span class='ocr_line' id='line_1_30' title="bbox 71 2802 1061 2889; baseline 0.008 -28"><span class='ocrx_word' id='word_1_213' title='bbox 71 2803 99 2862; x_wconf 90' lang='lat' dir='ltr'><strong>ut</strong></span> <span class='ocrx_word' id='word_1_214' title='bbox 117 2804 215 2870; x_wconf 89' lang='lat' dir='ltr'><strong>velles</strong></span> <span class='ocrx_word' id='word_1_215' title='bbox 239 2805 352 2870; x_wconf 89' lang='lat' dir='ltr'><strong>docere</strong></span> <span class='ocrx_word' id='word_1_216' title='bbox 376 2805 452 2870; x_wconf 90' lang='lat' dir='ltr'><strong>deos</strong></span> <span class='ocrx_word' id='word_1_217' title='bbox 475 2825 554 2889; x_wconf 88' lang='lat' dir='ltr'><strong>esse,</strong></span> <span class='ocrx_word' id='word_1_218' title='bbox 579 2803 691 2868; x_wconf 89' lang='lat' dir='ltr'><strong>deinde</strong></span> <span class='ocrx_word' id='word_1_219' title='bbox 715 2802 827 2887; x_wconf 89' lang='lat' dir='ltr'><strong>quales</strong></span> <span class='ocrx_word' id='word_1_220' title='bbox 850 2806 968 2887; x_wconf 89' lang='lat' dir='ltr'><strong>essent,</strong></span> <span class='ocrx_word' id='word_1_221' title='bbox 990 2805 1061 2869; x_wconf 89' lang='lat' dir='ltr'><strong>tum</strong></span> 
     </span>
     <span class='ocr_line' id='line_1_31' title="bbox 42 2886 1061 2978; baseline 0.009 -29"><span class='ocrx_word' id='word_1_222' title='bbox 42 2886 103 2951; x_wconf 74' lang='lat' dir='ltr'><strong>aab</strong></span> <span class='ocrx_word' id='word_1_223' title='bbox 129 2891 168 2956; x_wconf 90' lang='lat' dir='ltr'><strong>iis</strong></span> <span class='ocrx_word' id='word_1_224' title='bbox 196 2893 352 2959; x_wconf 90' lang='lat' dir='ltr'><strong>mundum</strong></span> <span class='ocrx_word' id='word_1_225' title='bbox 379 2892 462 2978; x_wconf 87' lang='lat' dir='ltr'><strong>regi,</strong></span> <span class='ocrx_word' id='word_1_226' title='bbox 495 2896 660 2977; x_wconf 90' lang='lat' dir='ltr'><strong>postremo</strong></span> <span class='ocrx_word' id='word_1_227' title='bbox 687 2890 854 2958; x_wconf 85' lang='lat' dir='ltr'><strong>consulere</strong></span> <span class='ocrx_word' id='word_1_228' title='bbox 881 2911 936 2958; x_wconf 88' lang='lat' dir='ltr'><strong>eos</strong></span> <span class='ocrx_word' id='word_1_229' title='bbox 964 2892 1061 2958; x_wconf 89' lang='lat' dir='ltr'><strong>rebus</strong></span> 
     </span>
     <span class='ocr_line' id='line_1_32' title="bbox 70 2972 1062 3066; baseline 0 -21"><span class='ocrx_word' id='word_1_230' title='bbox 70 2972 225 3048; x_wconf 69' lang='lat' dir='ltr'><strong>humana</strong></span> <span class='ocrx_word' id='word_1_231' title='bbox 249 2979 348 3066; x_wconf 86' lang='lat' dir='ltr'><strong>Haec,</strong></span> <span class='ocrx_word' id='word_1_232' title='bbox 367 2981 499 3046; x_wconf 87' lang='lat' dir='ltr'><strong>sirecte</strong></span> <span class='ocrx_word' id='word_1_233' title='bbox 518 2979 660 3064; x_wconf 92' lang='lat' dir='ltr'><strong>memini,</strong></span> <span class='ocrx_word' id='word_1_234' title='bbox 677 2979 812 3065; x_wconf 88' lang='lat' dir='ltr'><strong>partitio</strong></span> <span class='ocrx_word' id='word_1_235' title='bbox 831 2978 902 3046; x_wconf 79' lang='lat' dir='ltr'><strong>fuit.</strong></span> <span class='ocrx_word' id='word_1_236' title='bbox 939 2979 1062 3047; x_wconf 85' lang='lat' dir='ltr'><strong>Rectis-</strong></span> 
     </span>
     <span class='ocr_line' id='line_1_33' title="bbox 70 3067 964 3154; baseline 0.004 -24"><span class='ocrx_word' id='word_1_237' title='bbox 70 3081 156 3151; x_wconf 82' lang='lat' dir='ltr'><strong>sume,</strong></span> <span class='ocrx_word' id='word_1_238' title='bbox 176 3069 283 3153; x_wconf 89' lang='lat' dir='ltr'><strong>iuquit</strong></span> <span class='ocrx_word' id='word_1_239' title='bbox 304 3067 442 3153; x_wconf 79' lang='lat' dir='ltr'><strong>Balbus3</strong></span> <span class='ocrx_word' id='word_1_240' title='bbox 465 3067 521 3134; x_wconf 88' lang='lat' dir='ltr'><strong>sed</strong></span> <span class='ocrx_word' id='word_1_241' title='bbox 544 3071 687 3154; x_wconf 87' lang='lat' dir='ltr'><strong>expecto,</strong></span> <span class='ocrx_word' id='word_1_242' title='bbox 710 3068 787 3152; x_wconf 90' lang='lat' dir='ltr'><strong>quid</strong></span> <span class='ocrx_word' id='word_1_243' title='bbox 808 3068 964 3153; x_wconf 88' lang='lat' dir='ltr'><strong>requiras.</strong></span> 
     </span>
     <span class='ocr_line' id='line_1_34' title="bbox 124 3153 1097 3242; baseline -0.006 -20"><span class='ocrx_word' id='word_1_244' title='bbox 124 3153 205 3222; x_wconf 73' lang='lat' dir='ltr'><strong>&#39;l&#39;um</strong></span> <span class='ocrx_word' id='word_1_245' title='bbox 223 3156 334 3224; x_wconf 76' lang='lat' dir='ltr'><strong>Cotta:</strong></span> <span class='ocrx_word' id='word_1_246' title='bbox 356 3157 502 3223; x_wconf 87' lang='lat' dir='ltr'><strong>Primum</strong></span> <span class='ocrx_word' id='word_1_247' title='bbox 520 3157 660 3242; x_wconf 90' lang='lat' dir='ltr'><strong>quidque</strong></span> <span class='ocrx_word' id='word_1_248' title='bbox 677 3157 853 3241; x_wconf 84' lang='lat' dir='ltr'><strong>videamus,</strong></span> <span class='ocrx_word' id='word_1_249' title='bbox 877 3155 998 3241; x_wconf 71' lang='lat' dir='ltr'><strong>inquit,</strong></span> <span class='ocrx_word' id='word_1_250' title='bbox 1020 3158 1063 3239; x_wconf 89' lang='lat' dir='ltr'><strong>et,</strong></span> <span class='ocrx_word' id='word_1_251' title='bbox 1081 3164 1097 3215; x_wconf 79' lang='lat'><strong>&#39;1</strong></span> 
     </span>
    </p>
   </div>
   <div class='ocr_carea' id='block_1_3' title="bbox 44 3238 1064 3595">
    <p class='ocr_par' dir='ltr' id='par_1_3' title="bbox 44 3238 1064 3595">
     <span class='ocr_line' id='line_1_35' title="bbox 71 3238 1063 3331; baseline 0 -25"><span class='ocrx_word' id='word_1_252' title='bbox 71 3238 151 3308; x_wconf 83' lang='lat' dir='ltr'><strong>did</strong></span> <span class='ocrx_word' id='word_1_253' title='bbox 181 3249 230 3310; x_wconf 88' lang='lat' dir='ltr'><strong>est</strong></span> <span class='ocrx_word' id='word_1_254' title='bbox 257 3246 410 3331; x_wconf 91' lang='lat' dir='ltr'><strong>primum,</strong></span> <span class='ocrx_word' id='word_1_255' title='bbox 444 3245 529 3329; x_wconf 90' lang='lat' dir='ltr'><strong>quod</strong></span> <span class='ocrx_word' id='word_1_256' title='bbox 555 3246 641 3310; x_wconf 89' lang='lat' dir='ltr'><strong>inter</strong></span> <span class='ocrx_word' id='word_1_257' title='bbox 668 3245 772 3313; x_wconf 90' lang='lat' dir='ltr'><strong>omnis</strong></span> <span class='ocrx_word' id='word_1_258' title='bbox 799 3245 863 3308; x_wconf 90' lang='lat' dir='ltr'><strong>nisi</strong></span> <span class='ocrx_word' id='word_1_259' title='bbox 890 3241 1063 3308; x_wconf 87' lang='lat' dir='ltr'><strong>admodum</strong></span> 
     </span>
     <span class='ocr_line' id='line_1_36' title="bbox 44 3323 1063 3420; baseline 0.004 -29"><span class='ocrx_word' id='word_1_260' title='bbox 44 3323 175 3414; x_wconf 68' lang='lat' dir='ltr'><strong>nimpios</strong></span> <span class='ocrx_word' id='word_1_261' title='bbox 206 3335 369 3420; x_wconf 84' lang='lat' dir='ltr'><strong>convenit,</strong></span> <span class='ocrx_word' id='word_1_262' title='bbox 399 3333 482 3400; x_wconf 87' lang='lat' dir='ltr'><strong>mihi</strong></span> <span class='ocrx_word' id='word_1_263' title='bbox 510 3333 639 3417; x_wconf 84' lang='lat' dir='ltr'><strong>quidem</strong></span> <span class='ocrx_word' id='word_1_264' title='bbox 665 3355 704 3399; x_wconf 84' lang='lat' dir='ltr'><strong>ex</strong></span> <span class='ocrx_word' id='word_1_265' title='bbox 731 3332 839 3399; x_wconf 90' lang='lat' dir='ltr'><strong>animo</strong></span> <span class='ocrx_word' id='word_1_266' title='bbox 868 3328 975 3395; x_wconf 84' lang='lat' dir='ltr'><strong>excuti</strong></span> <span class='ocrx_word' id='word_1_267' title='bbox 996 3350 1063 3396; x_wconf 88' lang='lat' dir='ltr'><strong>non</strong></span> 
     </span>
     <span class='ocr_line' id='line_1_37' title="bbox 72 3416 1063 3507; baseline 0.003 -28"><span class='ocrx_word' id='word_1_268' title='bbox 72 3421 179 3505; x_wconf 88' lang='lat' dir='ltr'><strong>potest,</strong></span> <span class='ocrx_word' id='word_1_269' title='bbox 208 3444 278 3487; x_wconf 86' lang='lat' dir='ltr'><strong>esse</strong></span> <span class='ocrx_word' id='word_1_270' title='bbox 308 3424 398 3507; x_wconf 87' lang='lat' dir='ltr'><strong>deos,</strong></span> <span class='ocrx_word' id='word_1_271' title='bbox 427 3422 461 3487; x_wconf 94' lang='lat' dir='ltr'><strong>id</strong></span> <span class='ocrx_word' id='word_1_272' title='bbox 490 3424 601 3487; x_wconf 90' lang='lat' dir='ltr'><strong>tamen</strong></span> <span class='ocrx_word' id='word_1_273' title='bbox 627 3421 748 3507; x_wconf 89' lang='lat' dir='ltr'><strong>ipsum,</strong></span> <span class='ocrx_word' id='word_1_274' title='bbox 778 3417 864 3502; x_wconf 91' lang='lat' dir='ltr'><strong>quod</strong></span> <span class='ocrx_word' id='word_1_275' title='bbox 890 3416 971 3484; x_wconf 89' lang='lat' dir='ltr'><strong>mihi</strong></span> <span class='ocrx_word' id='word_1_276' title='bbox 993 3439 1063 3503; x_wconf 89' lang='lat' dir='ltr'><strong>per·</strong></span> 
     </span>
     <span class='ocr_line' id='line_1_38' title="bbox 73 3505 1064 3595; baseline 0.001 -26"><span class='ocrx_word' id='word_1_277' title='bbox 73 3520 187 3574; x_wconf 79' lang='lat' dir='ltr'><strong>suasum</strong></span> <span class='ocrx_word' id='word_1_278' title='bbox 210 3514 260 3576; x_wconf 84' lang='lat' dir='ltr'><strong>est</strong></span> <span class='ocrx_word' id='word_1_279' title='bbox 283 3511 477 3577; x_wconf 84' lang='lat' dir='ltr'><strong>auctoritate</strong></span> <span class='ocrx_word' id='word_1_280' title='bbox 500 3509 674 3595; x_wconf 86' lang='lat' dir='ltr'><strong>maiorum,</strong></span> <span class='ocrx_word' id='word_1_281' title='bbox 696 3529 753 3574; x_wconf 89' lang='lat' dir='ltr'><strong>cur</strong></span> <span class='ocrx_word' id='word_1_282' title='bbox 774 3507 823 3571; x_wconf 90' lang='lat' dir='ltr'><strong>ita</strong></span> <span class='ocrx_word' id='word_1_283' title='bbox 845 3505 898 3593; x_wconf 88' lang='lat' dir='ltr'><strong>sit,</strong></span> <span class='ocrx_word' id='word_1_284' title='bbox 920 3505 1003 3571; x_wconf 88' lang='lat' dir='ltr'><strong>nihil</strong></span> <span class='ocrx_word' id='word_1_285' title='bbox 1026 3509 1064 3570; x_wconf 88' lang='lat' dir='ltr'><strong>tu</strong></span> 
     </span>
    </p>
   </div>
   <div class='ocr_carea' id='block_1_4' title="bbox 0 0 1234 3934">
    <p class='ocr_par' dir='ltr' id='par_1_4' title="bbox 0 0 1234 3934">
     <span class='ocr_line' id='line_1_39' title="bbox 0 0 1234 3934; baseline 0 0"><span class='ocrx_word' id='word_1_286' title='bbox 0 0 1234 3934; x_wconf 95' lang='lat' dir='ltr'><strong> </strong></span> 
     </span>
    </p>
   </div>
  </div>
 </body>
</html>
