2510 3936
242 166 309 222 LIB.
328 167 376 221 VI.
396 166 472 225 CAP.
492 175 535 224 26.
553 175 569 234 ἕ
587 175 630 239 28,
648 176 692 237 29,
710 168 943 226 FRAGMENTA.
1028 172 1093 236 3‘l9

89 313 200 377 laudat
220 313 256 376 in
272 333 370 394 pnero
389 312 585 396 (Verpilias),
607 315 682 396 qnia
697 314 784 394 faeta
800 336 864 380 non
881 317 1004 380 invenit.
1034 316 1096 382 Est

88 405 192 464 annm
214 399 368 466 aaron
390 403 424 466 in
446 403 582 485 dialopos
609 401 721 486 Fanni,
745 424 841 468 eausa
864 403 1004 468 difficilis
1028 405 1095 468 lau-

89 489 168 553 dare
190 511 341 574 puerum3
362 510 429 554 nou
451 490 537 555 enim
559 511 612 555 res
634 491 804 574 laudanda,
828 492 885 556 sed
907 513 980 577 spes
1004 497 1062 556 est.

157 578 185 641 6.
212 578 355 642 Laetant.
381 580 452 644 inst.
479 581 537 644 dia.
559 579 583 644 1
608 584 658 645 18.
680 585 720 644 11
741 600 803 662 sqq.
835 581 932 662 Apud
952 582 1094 647 Enniana

62 667 133 732 aaa
156 665 291 748 loquitar
311 667 500 747 Africanus:
1190 699 1191 702 ¹

133 752 174 818 Si
200 754 261 819 fas
285 755 379 820 endo
402 756 541 841 plagas
564 757 776 822 caelestum
795 757 999 822 ascendere
1019 758 1094 823 eui·

801 866 911 928 quam
935 849 1006 928 est,

178 929 229 996 Mi
253 932 329 996 soli
351 932 450 998 eaeli
472 932 637 998 maxima
658 937 772 1017 porta
794 937 917 1018 patet,

86 1021 202 1086 scilieet
231 1022 306 1102 qnia
336 1041 483 1104 maenala
503 1027 626 1104 partera
649 1024 769 1105 penerr’s
793 1021 925 1086 hnmani
950 1023 1097 1088 exstinxit

87 1131 125 1174 aa
137 1110 282 1191 perdidit.
316 1108 484 1191 anantis
500 1111 536 1174 in
554 1110 690 1188 tenebris,
712 1111 871 1191 Africana,
893 1115 1030 1176 versatas
1047 1112 1095 1176 est

52 1198 135 1263 aad
157 1199 264 1280 potins
291 1218 308 1262 o
329 1203 435 1280 podia,
462 1198 517 1280 qni
538 1218 597 1280 per
618 1200 720 1264 caedes
743 1204 772 1263 et
792 1201 973 1282 sanpninern
990 1204 1096 1281 patere

88 1286 265 1352 taminatus
289 1287 325 1351 in
352 1287 468 1351 eaelum
494 1305 652 1354 ascensum
668 1288 846 1369 patavensi
882 1286 943 1352 Oai
963 1289 1096 1353 vanitati

88 1377 184 1440 etiam
206 1373 308 1440 Oieero
330 1376 472 1440 adsendt.
507 1373 570 1440 Est
591 1397 678 1459 vero,
700 1377 809 1458 inanit,
831 1374 998 1460 Africane3
1019 1397 1095 1441 nam

90 1467 124 1528 et
146 1461 282 1528 Herculi
304 1463 415 1528 eadem
437 1462 503 1528 ista
524 1467 621 1547 porta
643 1463 759 1548 patuit.

159 1553 188 1616 7.
220 1549 333 1617 Seneca
359 1553 444 1634 epist,
470 1556 541 1618 108.
568 1556 613 1619 32
634 1572 677 1633 sq.
708 1553 841 1617 Eosdem
867 1553 961 1617 libros
986 1555 1038 1633 (de
1063 1573 1097 1618 re

53 1658 75 1700 a
84 1639 227 1725 publiea)
254 1661 324 1704 erem
347 1641 570 1723 pramnatiens
595 1641 752 1724 explicuit,
773 1641 914 1723 prienam
936 1640 1026 1704 nerlu
1047 1661 1095 1706 ex-

85 1749 196 1813 pressa
222 1750 336 1813 reapse
358 1729 420 1794 diei
440 1749 463 1792 a
484 1727 636 1807 Ozinen,
658 1729 694 1793 id
712 1734 757 1794 est
779 1728 823 1793 ‘re
843 1727 935 1810 apsa’,
961 1729 997 1792 in
1019 1748 1096 1792 eone

90 1819 278 1883 menturinm
307 1818 412 1898 refert,
443 1837 497 1882 nee
527 1818 632 1882 minus
664 1837 769 1902 sepse,
800 1817 836 1881 id
864 1821 909 1880 est
935 1815 982 1881 ‘se
1007 1815 1096 1896 ipse'.

90 1907 213 1974 Deinde
239 1908 354 1972 transit
379 1907 422 1970 ad
446 1925 494 1984 ea,
521 1925 599 1986 qaae
620 1905 800 1970 conseretnde
822 1905 937 1970 saeenli
958 1905 1097 1982 mutauit,

91 2001 252 2077 lanienam
283 1997 331 2058 ait
356 1993 475 2059 onero:
509 1989 667 2068 Quoniam
700 2014 810 2058 sumus
841 1992 881 2058 ab
908 1991 982 2076 ipsa
1010 1992 1097 2058 euloe

54 2101 79 2140 20
92 2084 161 2148 eius
180 2082 443 2167 interpellatione
461 2081 612 2146 revocati.
643 2081 746 2160 Hane,
764 2102 858 2163 qnam
875 2101 959 2146 neena
970 2080 1007 2144 in
1019 2082 1097 2146 eirea

92 2169 228 2237 ‘nean'
250 2191 400 2248 vocamus,
423 2168 555 2235 ‘aenean'
574 2171 696 2253 antiqui
713 2171 858 2235 dicebant.
893 2169 1013 2235 Deinde
1030 2169 1096 2234 En
1212 2157 1214 2162 ¹

91 2263 206 2325 aranos
235 2259 351 2342 eollipit
379 2277 483 2326 versus
513 2263 543 2323 et
571 2259 608 2323 in
632 2260 748 2340 primis
778 2258 849 2324 illos
880 2259 917 2323 de
944 2258 1098 2339 Africano

91 2350 154 2415 seri
175 2353 235 2414 tos:

148 2370 174 2431 p
493 2433 553 2500 oui
575 2456 683 2498 nemo
708 2433 803 2498 aivis
826 2454 948 2516 neque
971 2431 1098 2496 hostis

55 2542 80 2582 2⁵
139 2523 271 2600 Quivit
293 2546 362 2610 pro
383 2523 500 2589 saetis
524 2521 682 2586 reddere
704 2542 773 2607 par
794 2520 966 2605 pretium.
1097 2570 1105 2582 .

162 2614 192 2678 8.
223 2615 408 2696 Anonprnns
439 2612 607 2677 Paradene
638 2610 786 2674 Koronne
821 2609 907 2690 uptrd
936 2607 1098 2672 Bielonsle.

95 2702 235 2783 Pornpeii
259 2702 354 2783 Propi
373 2701 486 2784 fraprn.
504 2721 537 2781 p.
560 2699 632 2764 XV
647 2718 691 2780 sq.
717 2697 807 2762 nen
830 2695 932 2762 Uieero
954 2697 990 2760 in
1013 2695 1100 2760 libris

93 2792 190 2856 dere
211 2789 337 2871 perbliea
363 2791 500 2870 seripnd:
533 2786 732 2869 Quicumque
760 2783 864 2869 epulis
888 2787 920 2848 et
943 2783 1099 2848 conviviis

94 2883 129 2943 et
152 2877 336 2962 sumptibus
360 2877 631 2941 existimationem
648 2873 817 2938 hominum
836 2872 900 2936 sibi
917 2871 1099 2955 conciliant,

56 2984 81 3024 ³0
94 2967 207 3066 palam
234 2964 499 3066 ostenduntnsibi
525 2985 638 3030 verum
665 2963 774 3046 decus,
804 2960 891 3045 quod
918 2982 956 3026 ex
978 2961 1099 3025 virtute

95 3077 135 3120 ac
157 3052 700 3224 tggapppztemppusgctprpdpggepeae
718 3137 850 3204 biblioth.
869 3135 1100 3203 Ossolinianae:

95 3230 199 3298 Or'eero
226 3233 262 3295 de
287 3232 479 3314 republica:
508 3229 624 3294 leniter
647 3232 745 3312 atque
767 3225 893 3311 placide
914 3224 1008 3311 fides,
1034 3243 1101 3290 non

94 3319 130 3386 vi
152 3322 186 3385 et
206 3319 340 3406 impetu,
363 3319 491 3386 eonauti
514 3317 688 3382 debere...
