2452 3938
148 171 213 237 248
492 169 541 224 nn
559 167 801 225 DIVINATIONE

148 316 239 382 cisse.
278 313 382 379 Video
404 312 626 398 sympathiam
648 312 754 378 risum
777 315 827 377 cst
850 311 936 377 enim
957 313 1027 377 tale
1051 311 1157 378 obiec-

148 408 219 469 tum
242 401 428 486 dormienti,
455 405 492 467 ut
514 400 560 486 id,
588 400 674 486 quod
697 401 978 484 evenit,⁴naturae
1000 399 1067 484 vis,
1088 421 1159 464 non

149 490 258 576 opinio
290 489 410 556 erroris
442 489 591 554 effecerIt.
633 487 722 565 Quae
753 489 856 574 igitur
885 491 1005 554 natura
1032 488 1158 552 obtulit

138 580 241 644 illam
273 578 413 663 speciem
440 575 610 660 Simonidi,
642 599 662 642 a
693 599 757 661 qua
783 579 949 641 vetaretur
974 575 1159 662 navigare?

150 670 207 732 aut
238 666 315 750 quid
341 669 477 730 naturae
504 665 691 749 copulatum
717 665 834 730 habuit
860 662 1041 729 Alcibiadis
1071 663 1160 748 quod
1185 683 1197 723 ⁵

150 755 303 822 scribitur
321 753 503 818 somnium?
527 753 583 836 qui
600 752 698 836 paulo
717 755 792 817 ante
810 751 978 817 interitum
995 751 1089 817 visus
1109 756 1161 816 est

148 843 182 908 in
206 841 328 907 somnis
353 841 474 908 amicae
497 861 567 905 esse
586 839 723 904 amictus
742 840 890 905 amiculo.
925 839 959 903 Ia
978 861 1054 905 cum
1073 844 1161 906 esset

148 931 312 1016 proiectus
338 929 526 1006 inhumatus
554 928 595 993 ab
623 928 835 1012 omnibusque
858 927 1005 992 desertus
1027 927 1161 1012 iaceret,

149 1019 254 1084 amica
280 1038 396 1102 corpus
425 1017 492 1080 eius
514 1015 596 1080 texit
619 1036 677 1080 suo
700 1015 811 1100 pallio.
851 1014 942 1100 Ergo
964 1017 1029 1081 hoc
1052 1016 1162 1081 inerat

139 1105 184 1172 in
210 1106 306 1170 rebus
333 1104 452 1170 futuris
479 1106 513 1168 et
536 1125 649 1168 causae
671 1103 831 1168 naturalia
853 1102 1012 1188 habebat,
1040 1125 1099 1190 an,
1128 1107 1161 1168 et
1174 1125 1196 1163 11

150 1197 188 1259 ut
209 1193 372 1259 videretur
396 1195 428 1255 et
450 1194 488 1256 ut
511 1191 663 1274 eveniret,
686 1213 778 1256 casus
801 1191 929 1256 effecit?

98 1254 150 1380 ‘1²94
217 1278 322 1355 Quid?
344 1279 491 1363 ipsorum
510 1278 725 1364 interpretum
744 1279 946 1344 coniecturae
964 1299 1075 1344 nonne
1095 1302 1163 1345 ma·

152 1368 202 1454 gis
225 1367 357 1453 ingenia
380 1366 546 1431 declarant
568 1388 680 1431 eorum
700 1389 798 1451 quam
815 1367 882 1431 vim
901 1385 1162 1452 consensumque

141 1454 308 1520 naturae?
340 1453 462 1520 Cursor
484 1454 525 1518 ad
543 1453 694 1538 Olympia
716 1454 877 1538 proficisci
900 1453 1051 1539 cogitans
1069 1455 1161 1520 visus

140 1547 202 1608 ¹est
223 1543 259 1608 in
281 1543 403 1608 somnis
427 1563 522 1607 curru
540 1542 771 1628 quadrigarum
789 1541 873 1606 vehi.
908 1541 1006 1606 Mane
1025 1543 1070 1608 ad
1088 1561 1195 1609 con-1⁵

149 1633 312 1698 iect'orem,
349 1630 396 1695 At
416 1631 486 1695 ille:
510 1628 692 1714 ‘Vinces',
713 1630 832 1714 inquit3
860 1629 914 1694 ‘id
936 1629 1038 1695 enim
1063 1632 1161 1696 celc-

151 1721 249 1786 ritas
277 1717 483 1805 significat
510 1721 547 1782 et
574 1719 632 1783 vis
656 1717 858 1801 equorum?
898 1716 979 1782 Post
1007 1717 1097 1784 idem
1123 1720 1162 1784 ad

151 1807 397 1892 Antiphontem.
428 1804 462 1869 Is
481 1809 602 1870 autem:
626 1804 832 1890 ‘Vincere',
850 1805 965 1889 inquit,
985 1805 1161 1873 ‘necesse

152 1900 227 1979 est3
254 1917 301 1960 an
322 1915 397 1959 non
419 1893 623 1979 intellegis
647 1897 832 1978 quattuor
855 1897 943 1957 ante
966 1897 1005 1958 te
1028 1916 1161 1962 cucur-

151 1981 288 2048 risse?'
328 1981 412 2048 Ecce
439 1981 522 2046 alius
550 2001 660 2046 cursor
683 1979 794 2066 (atque
816 1980 933 2045 horum
957 1983 1194 2049 somniorumc

152 2074 186 2135 et
202 2070 319 2134 talium
336 2070 452 2154 plenus
471 2071 522 2133 est
539 2067 713 2152 Chrysippi
730 2069 821 2153 liber,
843 2069 959 2153 plenus
973 2069 1161 2157 Antipatri)

152 2193 194 2206 -—
209 2157 266 2223 sed
285 2157 325 2223 ad
344 2177 506 2222 cursorem
520 2157 628 2222 redeo:
646 2156 699 2220 Ad
712 2156 924 2241 interpretem
938 2157 1059 2223 detulit
1074 2160 1162 2244 aqui·

152 2247 219 2312 lam
247 2267 281 2310 sc
309 2245 345 2310 in
372 2244 493 2310 somnis
515 2245 622 2309 visum
644 2265 715 2308 esse
736 2243 868 2309 factum.
909 2244 956 2309 At
978 2246 1050 2311 ille:
1081 2247 1161 2314 ‘vi-

48 2401 50 2404 ,
153 2333 257 2417 cisti3
283 2333 362 2398 ista
389 2332 488 2398 enim
516 2333 579 2397 avi
605 2332 714 2397 volat
735 2333 845 2397 nulla
867 2333 1159 2400 vehementius?

146 2421 236 2486 Huic
272 2421 376 2486 eidem
411 2419 571 2503 Antipho:
613 2418 775 2504 ‘Baro’,
809 2420 930 2505 inquit,
967 2421 1191 2488 ‘victuma

152 2513 190 2574 te
222 2530 307 2574 esse
340 2529 415 2573 non
445 2507 576 2572 vides?
612 2507 690 2572 ista
717 2507 815 2573 enim
844 2509 926 2574 avis
958 2509 1159 2576 insectans

152 2597 252 2663 alias
289 2595 372 2661 avis
408 2598 446 2660 et
477 2594 633 2680 agitans
666 2617 813 2680 semper
843 2596 929 2680 ipsa
959 2602 1160 2682 postrema

100 2693 150 2744 145
166 2683 249 2748 est'.
284 2682 404 2748 Parere
427 2683 584 2766 quaedam
603 2687 753 2748 matrona
776 2683 906 2767 cupiens
926 2684 1091 2769 dubitans,
1116 2707 1159 2752 es·

145 2775 243 2836 setne
260 2791 452 2855 praegnans,
474 2770 546 2836 visa
564 2771 666 2835 estin
684 2771 791 2853 quiete
810 2771 1018 2856 obsignatam
1037 2773 1159 2840 habere

152 2861 311 2923 naturam.
347 2857 497 2922 Rettulit.
532 2857 675 2943 Negavit
698 2879 782 2943 eam,
805 2859 959 2942 quoniam
983 2859 1190 2948 obsignatae

151 2944 279 3026 ficisset,
319 2945 485 3028 concipere
519 2946 674 3029 potuisse.
725 2944 771 3009 At
808 2946 891 3010 alter
922 2954 1158 3034 praegnantem

153 3053 223 3098 csse
242 3031 335 3116 dixit3
357 3053 434 3096 nam
452 3032 548 3096 inane
566 3033 733 3118 obsIgnari
750 3034 833 3098 nihil
852 3035 965 3100 solere.
1001 3035 1094 3111 Quae
1109 3040 1158 3103 est

152 3141 204 3184 ars
232 3119 424 3184 coniectoris
452 3118 611 3184 eludentis
640 3121 794 3205 ingenio?
821 3143 862 3186 an
890 3144 941 3206 ea,
972 3145 1055 3206 quae
1085 3123 1157 3208 dixi,

151 3211 184 3271 et
211 3205 474 3289 innumerabilia,
506 3226 588 3288 quae
615 3209 761 3273 conlecta
786 3209 909 3274 habent
931 3207 1045 3295 Stoici,
1074 3213 1155 3298 quic

151 3316 249 3377 quam
279 3294 465 3379 significant
490 3291 554 3354 nisi
581 3314 715 3361 acumen
741 3297 909 3361 hominum
937 3319 976 3362 ex
1008 3300 1186 3364 similitu-³⁵

152 3381 226 3444 dine
257 3381 366 3464 aliqua
398 3378 615 3444 coniecturam
642 3383 738 3448 modo
765 3383 841 3467 huc,
871 3384 967 3450 modo
995 3387 1077 3453 illuc
1104 3389 1154 3452 du-

151 3467 314 3533 centium?
350 3463 468 3533 Medici
498 3464 592 3550 signa
619 3471 777 3552 quaedam
799 3471 923 3550 habent
950 3495 989 3539 ex
1010 3476 1103 3541 venis
1125 3477 1154 3541 et
