2458 3934
144 207 207 272 128
432 205 434 210 ’
453 203 502 258 DE
520 202 671 258 NATURA
688 200 843 256 DEORUM

141 372 215 418 cum
239 370 430 436 cognovero.
471 346 541 423 Quo
563 347 599 412 in
621 367 739 432 genere
761 345 814 411 vel
836 344 976 409 maxime
1000 347 1053 409 est
1076 343 1169 410 For·

141 443 224 504 tuna
251 437 465 520 numeranda,
494 457 591 520 quam
617 455 711 500 nemo
740 433 782 498 ab
804 431 1027 498 inconstantia
1050 436 1088 496 et
1115 437 1169 498 te-

142 528 293 591 meritate
325 526 486 610 seiunget,
518 545 599 606 quac
631 522 730 607 digna
761 524 848 586 certe
878 543 944 584 non
976 522 1056 585 sunt
1086 521 1168 586 deo.

89 626 123 676 62
141 613 213 680 Iam
240 635 316 678 vcro
343 613 420 697 quid
441 633 500 676 ros
523 611 583 675 illa
606 609 744 675 delectat
767 608 940 693 explicatio
961 607 1169 674 fabularum

142 705 176 768 et
193 701 343 768 enodatio
361 699 551 765 nominum?
583 697 758 762 Exsectum
778 719 798 762 a
814 696 882 761 filio
898 694 1043 779 Caelum,
1066 697 1169 763 vinc·
1198 718 1211 757 s

141 794 213 854 tum
245 789 359 854 itidem
390 810 410 853 a
439 787 508 852 filio
539 784 727 869 Saturnum,
758 785 839 849 haec
866 787 899 849 et
926 784 992 848 alia
1022 785 1169 869 generis

142 877 285 944 eiusdem
312 877 360 941 ita
383 874 566 958 defenditis,
593 877 631 939 ut
653 872 690 956 ii,
718 873 774 956 qui
795 872 861 937 ista
882 871 1061 954 finxerimt,
1091 895 1170 938 non

142 965 238 1030 modo
261 986 327 1030 non
344 962 460 1047 insani,
483 962 539 1028 sed
557 961 656 1026 etiam
673 960 775 1026 fuisse
794 960 956 1044 sapientes
970 959 1168 1026 videantur.

142 1051 182 1118 In
205 1052 380 1118 enodandis
403 1055 512 1116 autem
533 1049 728 1133 nominibus,
751 1048 838 1132 quod
859 1047 1084 1112 miserandum
1107 1050 1167 1134 sit,

143 1141 311 1205 laboratis.
357 1136 529 1222 SaturnuS,
557 1139 633 1220 quia
660 1158 695 1202 se
723 1139 851 1202 saturat
874 1136 981 1220 annia,
1010 1135 1167 1222 Mavors,
1182 1158 1208 1196 ro

143 1229 220 1312 quia
251 1249 305 1292 ma
352 1248 372 1291 a
403 1225 516 1308 vertit,
547 1224 705 1309 Minerva,
738 1224 814 1308 quia
845 1223 963 1289 minuit
990 1226 1050 1288 aut
1079 1226 1168 1308 quia

144 1315 295 1396 minatur,
344 1334 433 1395 enus,
451 1313 527 1396 quia
544 1312 633 1377 venit
652 1312 829 1395 adomnia,
848 1309 945 1376 Ceres
964 1333 984 1376 a
1002 1314 1167 1397 gerendo.

144 1401 248 1478 Quam
270 1400 452 1484 periculosa
474 1400 685 1466 consuetudo!
720 1398 761 1464 In
778 1399 892 1464 multis
911 1399 997 1464 enim
1015 1401 1167 1466 nomini·

144 1491 205 1554 bus
236 1488 422 1554 haerebitis.
472 1487 556 1564 Quid
587 1487 701 1554 Veiovi
732 1487 846 1571 iacies,
879 1486 955 1570 quid
981 1485 1166 1563 Volcano?

144 1597 353 1663 quamquam,
381 1575 534 1660 quoniam
556 1575 745 1661 Neptunum
772 1598 793 1641 a
817 1575 927 1640 nando
949 1575 1165 1660 appellatum
1182 1597 1228 1656 ιιῚ

145 1670 252 1752 putas,
274 1666 401 1730 nullum
420 1665 483 1729 erit
500 1686 627 1747 nomen,
650 1663 735 1748 quod
752 1684 818 1728 non
836 1663 943 1748 possis
961 1684 1027 1727 una
1042 1663 1166 1729 littera

145 1755 305 1838 explicare
333 1753 416 1818 unde
444 1753 575 1818 ductum
602 1752 659 1836 siu
684 1751 720 1815 iu
747 1773 810 1834 quo
834 1751 964 1835 quidem
985 1751 1098 1836 magis
1124 1757 1165 1817 tu

93 1853 127 1902 63
147 1842 227 1907 mihi
252 1845 367 1906 natare
389 1840 478 1906 visus
501 1861 535 1906 cs
559 1862 657 1924 quam
678 1839 748 1924 ipse
770 1837 952 1923 Neptunus.
997 1837 1165 1924 Magnam

144 1930 328 1997 molestiam
343 1930 484 2013 suscepit
498 1931 531 1993 et
545 1927 677 1994 minime
689 1926 905 1992 necessariam
918 1926 1043 2010 primus
1058 1925 1164 2013 Zeno,

144 2021 221 2103 post
248 2014 435 2097 Cleanthes,
465 2016 579 2081 deinde
607 2014 823 2099 Chrysippus,
852 2015 1164 2080 commenticiarum
1178 2037 1205 2076 ro

144 2104 330 2170 fabularum
356 2104 487 2169 reddere
509 2104 682 2186 rationem,
710 2103 956 2187 vocabulorum,
982 2125 1041 2167 cur
1064 2105 1164 2188 quid·

146 2213 207 2276 que
230 2191 278 2256 ita
300 2192 502 2275 appellatum
525 2192 583 2277 sit,
611 2212 724 2256 causas
748 2191 917 2275 explicare.
963 2188 1058 2265 Quod
1080 2213 1163 2257 cum

147 2278 264 2363 facitis,
286 2279 368 2344 illud
390 2278 536 2364 profecto
560 2278 766 2362 confitemini,
789 2279 887 2365 longe
910 2279 1006 2343 aliter
1030 2301 1162 2344 serem

146 2368 279 2451 habere,
307 2371 404 2451 atque
426 2367 594 2432 hominum
616 2367 726 2452 opinio
750 2367 807 2450 sit3
834 2388 889 2432 eos
911 2367 1012 2450 enim,
1040 2367 1099 2450 qui
1126 2368 1162 2432 di

147 2457 363 2541 appellantur,
385 2476 493 2520 rerum
515 2459 650 2520 naturas
673 2475 752 2538 esse,
774 2477 841 2520 non
862 2455 985 2540 figuras
1008 2455 1201 2522 deoramus

94 2548 137 2613 25
149 2543 212 2619 Qui
234 2547 345 2608 tantus
369 2565 458 2609 error
481 2543 553 2627 fuit,
574 2547 612 2607 ut
634 2543 822 2628 perniciosis
845 2543 945 2608 etiam
967 2543 1065 2606 rebus
1087 2563 1163 2609 nou

145 2633 234 2698 modo
255 2653 374 2696 nomen
397 2631 529 2696 deorum
547 2631 753 2713 tribueretur,
776 2630 833 2696 sed
851 2631 951 2695 etiam
969 2651 1161 2718 sacrancon·

146 2720 366 2786 stituerentur.
410 2717 524 2784 Febris
552 2718 637 2784 enim
659 2718 773 2784 fanum
794 2719 829 2783 in
850 2717 980 2784 Palatio
1004 2723 1037 2783 et
1061 2719 1160 2784 Orba

145 2826 204 2871 nae
233 2809 278 2872 ad
305 2807 417 2872 aedem
443 2806 563 2873 Larum
590 2811 624 2872 ct
653 2827 743 2871 aram
771 2806 878 2872 Malae
904 2805 1069 2871 Fortunae
1091 2805 1160 2872 Es-

93 2906 128 2955 64
148 2893 254 2977 quiliis
287 2898 508 2960 consecratam
538 2895 692 2962 ridemus.
747 2893 861 2960 Omnis
889 2895 992 2980 igitur
1023 2895 1102 2959 talis
1138 2913 1200 2960 aso

145 2980 354 3066 philosophia
377 2983 518 3066 pellatur
541 3005 644 3066 error,
671 2986 721 3066 ut,
744 3005 818 3047 cum
840 2982 879 3047 dc
901 2983 951 3048 dis
973 2983 1158 3048 inmortali·

145 3071 207 3134 bus
230 3067 439 3152 disputemus,
462 3069 605 3136 dicamne
623 3071 759 3156 indigna
775 3071 831 3154 iis3
853 3070 893 3136 de
911 3071 1028 3155 quibus
1045 3070 1156 3138 habeo

145 3158 216 3243 ipse
243 3155 330 3241 quod
356 3156 509 3242 sentiam,
536 3179 603 3223 non
629 3158 734 3224 habeo
762 3162 871 3224 autem
899 3159 985 3243 quod
1011 3159 1074 3223 tibi
1101 3158 1157 3224 ad·

147 3245 277 3312 sentiar.
326 3242 516 3329 Neptunum
546 3266 616 3312 esse
646 3247 724 3312 dicis
754 3247 898 3312 animum
927 3269 1001 3312 cum
1027 3246 1155 3312 intelle

147 3335 257 3420 gentia
278 3354 337 3417 per
359 3353 449 3398 mare
471 3333 696 3418 pertinentem,
718 3335 804 3399 idem
828 3335 866 3400 de
889 3332 1013 3400 Cerere.
1049 3333 1155 3400 Istam
1169 3350 1196 3393 ss

147 3425 256 3486 autem
277 3420 538 3506 intellegentiam
561 3425 618 3485 aut
639 3422 738 3486 maris
763 3425 821 3487 aut
843 3427 950 3488 terrae
972 3443 1039 3487 non
1056 3423 1154 3489 modo

147 3507 417 3592 comprehendere
441 3507 562 3591 animo,
586 3508 704 3574 sedne
727 3510 911 3594 suspicione
934 3509 1063 3595 quidem
1080 3533 1156 3595 pos·
