2458 3934
149 181 212 248 138
456 175 505 232 nu
523 175 676 232 uacuas
693 174 849 231 nuceum
956 252 958 260 Α

147 325 282 412 frugum
307 328 340 390 et
365 322 542 406 fruetuum,
574 342 703 388 omnem
731 321 867 404 denique
890 319 1165 387 commoditatem

148 412 463 499 prosperitatemque
476 410 563 475 vitae
577 432 597 476 a
611 409 659 474 dis
675 430 710 474 se
722 408 858 494 habere;
875 409 1033 474 virtutem
1046 413 1165 476 autem

95 512 129 562 87
148 523 243 567 nemo
261 521 416 585 umquam
434 501 600 584 acceptam
618 497 678 563 deo
696 496 833 563 rettulit.
873 495 1039 562 Nimirum
1056 501 1165 581 recte3

148 592 283 674 propter
298 589 453 654 virtutem
467 587 554 652 enim
566 586 635 650 iure
649 585 820 650 laudamur
834 585 914 650 etin
927 585 1051 651 virtute
1069 591 1165 651 reete

150 676 343 764 gloriamur3
365 676 452 762 quod
470 696 540 743 uon
561 670 771 759 contingeret,
795 673 824 746 si
846 673 880 738 id
902 673 1023 738 donum
1047 695 1068 738 a
1090 674 1166 753 deo,
1197 687 1225 732 5'

148 786 216 830 non
238 787 258 830 a
278 763 374 830 nobis
395 763 597 829 haberemus.
633 761 680 826 At
701 783 778 826 vero
797 765 855 826 aut
872 760 1052 826 honoribus
1072 762 1166 828 aucti

150 857 208 919 aut
237 874 272 918 re
301 851 468 935 familiari,
497 855 555 916 aut
581 849 610 914 si
632 849 722 915 aliud
744 849 911 935 quippiam
933 849 1023 916 nacti
1047 871 1165 916 sumus

149 941 279 1007 fortuiti
301 940 379 1006 boni
402 943 459 1004 aut
477 938 659 1024 depulimus
677 937 765 1021 mali,
787 941 860 1003 tum
878 936 928 1002 dis
946 938 1074 1024 gratias
1093 939 1166 1025 agi·

150 1051 232 1114 mus,
254 1033 325 1094 tum
346 1027 430 1093 nihil
452 1031 584 1092 nostrae
606 1025 696 1091 laudi
719 1025 927 1110 adsumptum
951 1027 1165 1092 arbitramur.
1224 1039 1225 1100 ζ

150 1116 239 1184 Num
262 1116 343 1201 quis,
366 1114 452 1200 quod
473 1116 579 1180 bonus
601 1114 652 1180 vir
674 1117 769 1198 esset,
792 1113 915 1200 gratias
936 1114 985 1178 dis
1004 1115 1075 1200 egit
1093 1137 1166 1180 um·
1182 1134 1209 1174 ro

151 1205 271 1289 quam?
301 1207 336 1269 at
364 1203 449 1287 quod
476 1202 579 1286 dives,
606 1203 693 1286 quod
714 1201 907 1286 honoratus,
929 1203 1017 1288 quod
1039 1203 1166 1270 incolu·
1224 1211 1225 1214 ’

151 1293 223 1358 mis.
267 1289 441 1374 Iovemque
473 1294 643 1374 optumum
675 1293 709 1355 et
739 1311 926 1356 maxumum
952 1291 996 1356 ob
1024 1313 1082 1357 eas
1108 1313 1166 1357 res

112 1378 1166 1552 ·{tilluttlt,tltttttlttltltlll,titt?
1224 1509 1225 1530 ‚

95 1568 134 1622 88
151 1555 265 1640 Neque
286 1554 421 1621 Herculi
443 1553 614 1639 quisquam
637 1555 804 1620 decumam
826 1555 918 1620 vovit
939 1577 1110 1642 umquam,
1133 1557 1166 1622 si
1181 1573 1225 1634 1⁵3

153 1644 280 1730 sapiens
305 1643 412 1709 factus
435 1647 529 1709 esset.
575 1641 777 1726 Quamquam
799 1641 1007 1728 Pythagoras
1030 1666 1105 1710 cum
1127 1645 1166 1709 in
1224 1655 1225 1714 3

153 1733 331 1820 geometria
354 1731 507 1816 quiddam
529 1731 607 1797 novi
628 1730 814 1814 invenisset,
836 1728 939 1796 Musis
962 1731 1082 1798 bovem
1104 1733 1165 1798 im·
1224 1797 1225 1810 2

152 1821 293 1886 molasse
321 1819 451 1903 dicitur3
483 1819 540 1884 sed
565 1819 599 1884 id
626 1818 755 1902 quidem
777 1840 844 1884 non
865 1818 975 1903 credo,
1005 1821 1164 1905 quoniam
1224 1873 1225 1882 ,

151 1909 208 1974 ille
235 1930 276 1973 ne
298 1906 446 1992 Apollini
473 1907 602 1990 quidem
624 1904 719 1972 Delio
746 1906 890 1972 hostiam
912 1907 1086 1974 immolare
1108 1931 1164 1974 vo·
1224 1901 1225 1980 l

151 1996 224 2079 luit,
245 2017 287 2060 ne
310 2017 400 2060 aram
424 1994 581 2081 sanguine
604 1998 800 2080 aspergeret.
836 1993 889 2058 Ad
905 2016 975 2060 rem
994 1999 1107 2062 autem
1124 2001 1201 2062 aaa

151 2084 290 2166 redeam,
308 2082 462 2148 iudicium
478 2083 541 2149 hoc
556 2083 700 2150 omnium
713 2083 902 2147 mortalium
916 2087 976 2170 est,
991 2083 1163 2151 fortunam
1224 2101 1225 2154 ἰ

153 2194 174 2237 a
195 2169 255 2235 deo
272 2170 454 2255 petendam,
478 2192 550 2236 ase
561 2171 640 2256 ipso
659 2170 847 2236 sumendam
866 2193 937 2237 esse
956 2172 1163 2256 sapientiam.
1224 2191 1225 2250 l

153 2257 307 2334 Quamvis
334 2258 410 2323 licet
431 2257 536 2324 Menti
557 2258 692 2324 delubra
714 2262 747 2324 et
769 2258 895 2324 Virtuti
917 2263 951 2324 et
973 2259 1066 2325 Fidei
1089 2283 1163 2327 con·

153 2367 328 2430 sacremus,
359 2350 470 2412 tamen
500 2346 580 2412 haec
611 2347 646 2411 in
676 2346 771 2412 nobis
797 2347 878 2432 ipsis
908 2348 972 2412 sita
998 2348 1162 2433 videmus3
1224 2405 1225 2438 p

153 2433 238 2520 Spei,
260 2431 392 2518 Salutis,
414 2433 503 2519 Opis,
524 2432 690 2500 Victoriae
711 2433 851 2500 facultas
874 2457 894 2501 a
912 2434 961 2500 dis
981 2439 1162 2521 expetenda
1174 2451 1198 2493 2⁵
1224 2457 1225 2514 l

152 2527 212 2588 est.
251 2522 468 2608 Inproborum
489 2521 592 2608 igitur
614 2523 849 2607 prosperitates
868 2524 1090 2608 secundaeque
1108 2547 1161 2590 res
1224 2539 1225 2574 ³

151 2610 360 2697 redarguunt,
382 2613 420 2675 ut
437 2609 600 2695 Diogenes
625 2610 761 2694 dicebat,
783 2611 850 2676 vim
873 2633 1002 2676 omnem
1025 2611 1161 2678 deorum
1224 2615 1225 2660 ἶ

96 2669 141 2795 {³97
153 2721 190 2764 ac
215 2701 423 2783 potestatem.
472 2696 519 2761 At
544 2719 612 2763 non
636 2720 813 2782 numquam
839 2699 942 2765 bonos
970 2699 1076 2765 exitus
1104 2701 1161 2767 ha-

152 2787 231 2850 bent
248 2786 335 2851 boni.
371 2785 438 2853 Eos
457 2784 586 2871 quidem
604 2786 777 2871 arripimus
796 2787 1069 2873 attribuimusque
1089 2789 1160 2854 sine

152 2874 222 2938 ulla
247 2873 373 2939 ratione
400 2872 449 2938 dis
471 2873 709 2952 inmortalibus.
753 2873 800 2939 Aa
822 2875 984 2961 Diagoras
1007 2897 1081 2941 cum
1104 2874 1160 2942 Sa·
1173 2893 1196 2934 ³⁰
1224 2895 1225 2898 ’

153 2959 355 3026 mothraeam
380 2960 537 3046 venisset,
565 2957 669 3040 ἄθεος
689 2961 746 3027 ille
769 2963 826 3047 qui
848 2963 977 3047 dieitur,
1007 2968 1106 3049 atque
1130 2965 1160 3030 ei
1224 3001 1225 3004 π

153 3047 285 3132 quidam
312 3047 435 3113 amicus
459 3048 541 3133 Ἥ,
569 3050 633 3134 qui
660 3050 748 3115 deos
772 3054 886 3134 putas
909 3051 1075 3117 humana
1096 3075 1160 3118 ne·
1224 3089 1225 3092 ¹

153 3136 323 3222 glegere‚
357 3157 481 3202 nonne
518 3137 795 3202 animadvertis
832 3160 876 3203 er
910 3142 971 3204 tot
1005 3141 1158 3206 tabulis

152 3223 285 3308 pictis,
309 3245 419 3309 quam
442 3225 556 3290 multi
577 3225 681 3290 votis
699 3225 774 3291 vim
793 3227 1041 3312 tempestatis
1060 3227 1158 3295 effu-

154 3310 284 3396 gerint
310 3311 351 3375 in
376 3316 606 3396 portumque
629 3312 730 3378 salvi
751 3315 1052 3400 pervenerintl',
1080 3316 1192 3382 ‘leae

151 3397 227 3481 fit’,
254 3398 374 3482 inquit3
404 3398 483 3463 ‘illi
511 3398 609 3463 enim
636 3420 824 3484 nusquam
846 3402 945 3486 picti
967 3407 1069 3487 sunt,
1094 3405 1158 3489 qui
1224 3415 1225 3422 ’

151 3484 361 3570 naufragia
378 3484 555 3550 fecerunt
567 3485 607 3549 in
620 3487 792 3571 marique
805 3489 1027 3574 perierunt?
1055 3490 1158 3557 Idem·
1224 3495 1225 3502 ’
