2476 3936
158 179 223 246 362
517 179 567 235 Dn
585 180 633 236 RE
652 179 808 234 PUBLIOA

156 326 278 413 privati
304 329 414 412 petere
442 326 593 391 solebant
621 347 641 391 a
667 325 812 411 regibus,
842 325 885 390 ob
909 345 1028 408 easque
1050 345 1166 390 causas

159 415 231 501 agri
258 414 328 481 arvi
356 417 389 479 et
418 415 544 478 arbusti
571 419 604 479 et
631 414 743 500 pascui
771 413 832 478 lati
853 417 954 498 atque
976 413 1093 478 uberes
1117 414 1167 479 de

156 504 366 588 finiebantur,
394 503 450 587 qui
478 507 586 568 essent
613 503 695 589 regii
722 503 806 588 [qui]
830 503 1076 587 colerenturque
1098 503 1167 566 sine

158 613 273 678 regum
300 613 399 677 opera
426 594 460 656 et
486 593 613 677 labore,
639 595 677 656 ut
704 612 759 656 eos
782 591 875 656 nulla
897 591 1022 676 privati
1042 592 1169 677 negotii

158 702 235 746 cura
262 702 283 745 a
307 681 504 765 populorum
531 681 627 744 rebus
656 680 836 745 abduceret.
878 678 948 746 Nec
977 702 1055 746 vero
1084 681 1196 764 quise

158 791 257 853 quam
284 769 431 854 privatus
460 772 530 833 erat
553 768 753 854 disceptator
775 773 832 834 aut
854 769 979 834 arbiter
1002 769 1086 854 litis,
1112 769 1169 834 sed

157 883 185 937 p.
204 859 271 940 248]
295 857 404 923 omnia
430 855 692 1011 ooleficiebantur
718 857 844 922 iudiciis
867 857 978 944 regiis.
1023 857 1070 922 Et
1087 857 1169 922 mihi

157 946 287 1030 quidem
314 946 443 1012 ridetur
496 969 573 1010 uma
599 949 710 1011 noster
739 946 879 1011 maxime
909 945 1056 1011 tenuisse
1082 947 1169 1012 hunc

156 1057 281 1101 morem
298 1038 442 1101 veterem
456 1033 610 1100 Graeciae
628 1056 751 1122 regum.
786 1035 874 1101 Nam
893 1035 1001 1120 ceteri,
1026 1035 1089 1100 etsi
1107 1036 1169 1101 hoc

157 1145 284 1209 quoque
311 1145 443 1189 munere
465 1123 698 1210 fungebantur,
725 1145 880 1210 magnam
902 1127 1016 1188 tamen
1039 1129 1208 1210 partemio

155 1212 245 1278 bella
273 1215 442 1299 gesserunt
469 1216 502 1276 et
529 1233 641 1277 eorum
667 1212 738 1276 iura
761 1213 944 1295 coluerunt3
975 1212 1036 1278 illa
1060 1217 1169 1278 eutem

156 1299 308 1366 diuturna
330 1321 394 1385 pax
411 1299 538 1366 Numae
561 1304 666 1366 mater
688 1300 763 1365 huic
784 1301 859 1366 urbi
881 1299 962 1365 iuris
986 1303 1021 1364 et
1038 1302 1168 1388 religio

154 1387 206 1452 nis
229 1389 301 1474 fuit,
325 1388 380 1473 qui
402 1389 512 1474 legum
536 1389 642 1462 etiam¹
658 1389 797 1474 scriptor
819 1389 946 1472 fuisset,
970 1410 1053 1473 quas
1077 1391 1167 1455 scitis

155 1479 279 1578 extare,
310 1476 396 1561 quod
425 1476 554 1560 quidem
582 1477 678 1543 huius
710 1477 790 1543 civis
819 1477 1003 1563 proprium,
1033 1479 1073 1544 de
1102 1501 1167 1563 quo

117 1627 138 1754 Ξ
157 1586 417 1722 1811111111
439 1655 475 1720 1
496 1675 530 1720 re
544 1655 630 1738 paor.
653 1655 703 1720 11.
731 1654 774 1722 V:
802 1653 858 1720 sec
884 1659 997 1720 amen
1019 1659 1058 1720 1
1079 1585 1205 1722 11115

156 1744 404 1828 patrifamilias
424 1743 558 1827 colendi,
582 1743 780 1827 aedificandi,
798 1743 1015 1809 ratiocinandi
1035 1744 1165 1829 quidam

158 1853 235 1896 usus
259 1855 340 1919 opus
364 1835 422 1898 est.
458 1832 648 1916 (Nouiusp.
671 1833 834 1914 497.19.)

122 1934 138 1984 5
156 1949 184 2001 p.
204 1924 269 2002 253]
344 1971 351 1986 .
371 1972 378 1987 .
398 1920 591 1986 ..radicum
619 1919 842 2004 seminumque
869 1942 1067 2007 cognoscere
1087 1945 1167 1988 num

155 2013 189 2074 te
213 2010 375 2075 offendet?
407 2010 455 2074 M.
473 2008 575 2091 Nihil,
598 2009 627 2073 si
649 2008 744 2074 modo
763 2029 845 2093 opus
865 2010 999 2075 extabit.
1026 2009 1060 2078 S.
1078 2009 1167 2076 Num
1181 2029 1207 2070 ro

156 2097 190 2161 id
223 2099 366 2162 studium
398 2117 508 2162 censes
541 2117 610 2162 esse
642 2097 753 2162 vilici?
796 2097 842 2164 M.
865 2096 1014 2184 Minime3
1046 2100 1166 2184 quippe

156 2205 229 2250 cum
249 2186 321 2271 agri
339 2187 500 2250 culturam
518 2185 707 2271 saepissime
727 2206 826 2270 opera
844 2185 982 2252 deficiat.
1014 2187 1049 2254 S.
1066 2188 1166 2274 Ergo,

91 2320 93 2324 -
156 2276 194 2338 ut
211 2273 327 2339 vificas
345 2278 496 2338 naturam
516 2275 588 2360 agri
604 2273 706 2359 novit,
724 2274 931 2358 dispensator
950 2275 1081 2342 litteras
1095 2278 1167 2361 scit,

156 2365 292 2447 uterque
316 2365 425 2426 autem
448 2382 482 2427 se
503 2385 523 2426 a
541 2362 694 2427 scientiae
712 2361 926 2428 delectatione
946 2364 987 2428 ad
1005 2364 1167 2430 efficiendi

155 2451 333 2516 utilitatem
356 2451 469 2534 refert,
497 2449 542 2516 sic
563 2453 676 2516 noster
697 2449 751 2516 hic
773 2454 880 2516 rector
903 2452 1066 2517 studuerit
1089 2471 1204 2519 111115

155 2539 219 2604 iuri
241 2543 275 2605 11
295 2540 423 2626 legibus
442 2539 683 2624 cognoscendis,
704 2538 806 2604 fontis
826 2539 955 2624 quidem
975 2563 1087 2606 earum
1104 2544 1167 2607 uti-

155 2655 184 2707 p.
203 2630 269 2709 254]
294 2649 355 2712 que
378 2627 596 2729 perjspexerit
619 2627 675 2692 sed
699 2649 733 2692 se
755 2628 1005 2712 responsitando
1025 2635 1059 2694 et
1078 2631 1167 2696 lecti-

155 2717 256 2782 tando
280 2719 313 2781 et
331 2715 545 2801 scriptitando
563 2738 604 2780 ne
621 2715 787 2800 impediat,
810 2719 847 2780 ut
866 2717 959 2801 quasi
977 2717 1167 2804 dispensare

155 2826 224 2868 rem
250 2804 416 2889 publicam
440 2804 527 2868 etin
551 2825 589 2869 ea
613 2805 752 2888 quodam
775 2805 871 2870 modo
895 2805 1028 2871 vilicare
1049 2808 1167 2892 possit,

157 2892 275 2955 summi
302 2892 381 2956 iuris
406 2891 637 2978 peritissimusp
665 2893 735 2958 sine
758 2913 821 2977 quo
844 2893 950 2958 iustus
974 2911 1204 2962 1111111111ο

155 2983 274 3064 potest,
298 2979 402 3044 civilis
423 3003 490 3046 non
511 2981 679 3066 inperitus,
703 2981 758 3046 sed
780 2982 837 3064 ita,
860 2986 898 3046 ut
920 2985 1087 3049 astrorum
1109 3006 1167 3072 gu-

154 3069 323 3151 bernator,
349 3068 557 3152 physicorum
580 3069 735 3153 medicus3
763 3073 899 3155 uterque
923 3070 1008 3136 enim
1031 3072 1101 3137 illis
1125 3073 1167 3137 ad

155 3162 260 3222 artem
284 3178 376 3221 suam
399 3157 511 3240 utitur,
534 3158 590 3222 sed
613 3179 647 3224 se
670 3181 690 3224 a
713 3180 771 3224 suo
795 3181 927 3224 munere
944 3179 1012 3224 non
1029 3159 1166 3246 inpedit.

154 3244 239 3310 Illud
262 3248 372 3311 autem
394 3245 518 3310 videbit
540 3245 593 3311 hic
616 3247 680 3312 vir.
696 3297 703 3312 .
718 3297 746 3312 ..

119 3381 135 3428 6
154 3361 181 3411 p.
198 3337 261 3414 199]
336 3332 613 3418 ...ciuitatibus
641 3335 675 3399 in
703 3335 819 3420 quibus
848 3340 1003 3422 expetunt
1032 3337 1166 3403 laudem
1179 3353 1204 3393 ³⁵

154 3420 280 3502 optumi
299 3424 332 3483 et
351 3421 455 3505 decus,
477 3420 690 3506 ignominiam
706 3423 841 3510 'fugiunt
858 3446 897 3490 ac
915 3425 1062 3491 dedecus.
1094 3425 1167 3491 Nec

152 3527 230 3571 vero
257 3511 326 3570 tam
353 3511 443 3571 metu
469 3527 637 3592 poenaque
660 3515 837 3598 terrentur,
865 3516 1020 3599 quaeest
1044 3515 1166 3580 consti-

114 3303 137 3365 4
