2510 3936
148 179 213 244 396
538 173 586 228 nn
605 171 762 227 uncinus

147 319 354 407 prohibendi3
376 342 475 406 quam
492 319 548 404 qui
566 319 707 404 ignorat,
728 317 758 382 is
777 319 827 384 est
845 315 995 398 iniustus,
1018 314 1089 380 sive
1108 317 1159 378 est

146 410 206 474 illa
238 409 360 493 scripta
391 409 519 492 uspiam
555 407 623 471 sive
656 427 827 490 nusquam.
875 402 998 479 Quodsi
1028 403 1159 467 iustitia

148 501 199 563 est
221 497 458 581 obtemperatio
482 495 611 579 seriptis
632 493 761 580 legibus
779 493 1004 576 institutisque
1023 492 1160 577 populo-

147 607 228 669 rum,
252 588 285 649 et
308 585 345 668 si,
367 587 405 648 ut
427 583 531 649 eidem
554 583 672 667 dicunt,
694 582 839 648 utilitate
862 580 972 647 omnia
994 580 1160 644 metienda
1237 569 1238 648 i

148 677 236 756 sunt,
260 673 414 758 negleget
436 673 526 758 leges
550 692 668 756 easque
690 674 891 757 perrumpet,
915 669 943 734 si
965 669 1099 754 poterit,
1121 669 1185 751 is,s
1237 729 1238 743 ,

148 761 204 846 qui
227 761 290 825 sibi
313 782 384 826 eam
407 782 476 826 rem
498 759 701 825 fructuosam
718 759 849 844 putabit
866 758 945 823 fore.
981 756 1036 822 Ita
1054 758 1102 841 fit,
1123 759 1160 822 ut
1237 751 1238 806 l

147 850 239 915 nulla
265 850 310 914 sit
327 849 458 914 omnino
476 847 612 931 iustitia,
630 848 659 912 si
677 869 781 931 neque
797 851 917 912 natura
935 849 995 931 est,
1019 869 1058 910 ea
1078 867 1160 930 quae

147 942 281 1023 propter
312 937 491 1002 utilitatem
518 936 742 1020 constituitur,
770 939 803 1000 et
832 935 977 1000 utilitate
1002 934 1064 999 illa
1086 956 1160 1000 con·
1237 963 1238 1020 q

96 1041 129 1088 43
148 1027 290 1092 vellitur.
330 1026 453 1111 Atque,
479 1025 507 1090 si
528 1029 649 1090 natura.
669 1025 902 1090 confirmatura
923 1024 975 1087 ius
997 1045 1066 1088 non
1089 1023 1161 1105 erit,
1237 1023 1238 1048 ³

147 1117 273 1181 virtutes
294 1134 397 1180 omues
418 1114 589 1197 tollentur3
615 1113 673 1177 ubi
696 1112 782 1177 enim
804 1112 1002 1195 liberalitas,
1024 1111 1083 1174 ubi
1106 1133 1161 1196 pa·
1175 1128 1199 1166 10

148 1203 231 1268 triae
263 1203 397 1286 caritas,
428 1202 484 1267 ubi
515 1201 635 1286 pietas,
666 1200 723 1266 ubi
753 1204 810 1266 aut
836 1200 919 1265 bene
947 1199 1093 1264 merendi
1122 1199 1160 1262 de

149 1290 253 1356 altero
272 1294 329 1354 aut
347 1288 532 1356 referendae
551 1289 676 1375 gratiae
694 1289 847 1354 voluntas
861 1289 984 1373 poterit
998 1287 1160 1352 existere?

149 1399 226 1442 nam
248 1377 329 1442 haec
351 1382 528 1443 nascuntur
551 1399 590 1441 ex
612 1399 664 1462 eo,
691 1378 769 1461 quia
790 1381 910 1442 natura
931 1376 1088 1461 propensi
1111 1397 1162 1440 su·

151 1487 222 1530 mus
247 1466 288 1530 ad
310 1465 493 1552 diligendos
515 1465 676 1551 homines,
700 1465 787 1551 quod
808 1465 1057 1530 fundamentum
1080 1464 1159 1528 iuris

151 1557 214 1620 cst.
250 1553 364 1638 Neque
379 1555 494 1621 solum
515 1554 551 1619 in
572 1554 720 1618 homines
744 1554 908 1638 obsequia,
932 1552 1108 1618 sedetiam
1126 1553 1160 1616 in
1174 1568 1197 1607 1⁵

152 1643 227 1708 deos
260 1643 474 1708 caerimoniae
507 1642 745 1728 religionesque
777 1643 951 1726 tolluntur,
984 1663 1065 1726 quas
1095 1663 1160 1706 non

151 1734 249 1814 metu,
272 1731 328 1795 sed
352 1753 390 1795 ea
413 1731 645 1814 coniunctione,
668 1752 751 1814 quae
774 1733 824 1795 est
846 1729 972 1794 homini
994 1751 1068 1794 cum
1092 1729 1159 1813 deo,
1237 1797 1238 1800 ,

101 1819 387 1884 ldconservandas
410 1823 500 1905 puto.
536 1817 658 1893 Quodsi
679 1819 876 1902 populorum
895 1818 1003 1902 iussis,
1026 1818 1056 1882 si
1074 1817 1159 1902 prin-

151 1907 258 1991 cipum
278 1907 424 1991 decretis,
443 1908 472 1972 si
491 1907 659 1972 sententiis
677 1907 817 1972 iudicum
837 1907 908 1970 iura
926 1905 1158 1971 constitueren-

151 1997 219 2078 tur,
248 1995 299 2060 ius
328 1999 415 2060 esset
444 1995 646 2077 latrocinari,
675 1994 725 2059 ius
756 1995 953 2078 adulterare,
982 1994 1033 2058 ius
1062 1998 1158 2058 testa·
1171 2009 1197 2048 ²⁰

151 2086 262 2146 menta
289 2081 374 2148 falsa
404 2103 598 2168 supponere,
628 2082 657 2148 si
683 2082 763 2148 haec
791 2083 954 2168 suffragiis
983 2084 1041 2146 aut
1069 2082 1157 2146 scitis
1237 2111 1238 2147 l

98 2184 133 2232 44
152 2170 369 2234 multitudinis
392 2172 615 2254 probarentur.
657 2169 747 2245 Quae
770 2171 799 2234 si
821 2174 914 2236 tanta
937 2173 1087 2255 potestas
1109 2173 1159 2235 est
1237 2155 1238 2208 l

152 2257 327 2322 stultorum
351 2258 519 2323 sententiis
544 2262 642 2342 atque
665 2258 777 2343 iussis,
799 2262 837 2324 ut
860 2281 972 2324 eorum
995 2259 1158 2343 suffragiis

112 2402 114 2406 Α
151 2367 259 2412 rerum
288 2347 406 2410 natura
432 2349 592 2431 vertatur,
622 2367 678 2412 cur
705 2367 771 2411 non
802 2347 963 2430 sanciunt,
993 2351 1045 2430 ut,
1079 2369 1158 2431 quae
1237 2399 1238 2420 ,

152 2435 240 2498 mala
265 2433 510 2519 perniciosaque
533 2438 622 2518 sunt,
648 2434 830 2500 habeantur
852 2456 912 2519 pro
935 2435 1030 2516 bonis
1054 2438 1090 2499 et
1112 2457 1157 2499 sa·
1171 2449 1195 2488 2⁵
1237 2433 1238 2490 ἕ

150 2522 334 2587 luteribus?
367 2525 423 2586 aut
445 2521 590 2602 querius
619 2544 658 2586 ex
683 2523 803 2588 iniuria
832 2523 884 2587 lex
910 2522 1017 2587 facere
1043 2522 1159 2606 possit,

148 2611 272 2682 ¹bonum
296 2610 407 2675 eedem
428 2604 535 2675 facere'
557 2631 624 2674 non
645 2610 751 2694 possit
774 2632 812 2675 ex
835 2611 944 2676 malo?
972 2610 1078 2695 Atqui
1099 2632 1158 2676 nos

151 2698 258 2785 legem
285 2699 405 2763 bonam
433 2721 452 2762 a
479 2699 566 2762 mala
592 2699 684 2762 nulla
711 2698 778 2762 alia
799 2698 863 2762 nisi
885 2702 1022 2763 naturae
1044 2721 1159 2765 norma

152 2786 293 2851 dividere
319 2807 506 2870 possumus3
537 2808 596 2850 nec
623 2787 729 2852 solum
756 2787 807 2850 ius
836 2791 868 2851 et
895 2787 1015 2852 iniuria
1040 2791 1159 2852 natura

152 2873 354 2957 diiudicatur,
377 2873 433 2938 sed
452 2874 583 2938 omnino
603 2875 711 2938 omnia
729 2875 867 2940 honesta
885 2877 918 2939 et
936 2875 1060 2960 turpia3
1083 2898 1158 2942 nam
1171 2891 1196 2929 ⁵⁰
1237 2919 1238 2928 κ

151 2963 189 3025 ut
211 2960 391 3025 communis
413 2961 639 3048 intellegentia
660 2963 756 3027 nobis
779 2967 874 3028 notas
896 2984 948 3027 res
973 2963 1075 3028 efficit
1094 2986 1159 3029 eas·

153 3070 214 3133 que
243 3048 279 3112 in
308 3047 424 3112 animis
453 3051 575 3114 nostris
602 3051 782 3135 inchoavit,
813 3051 949 3117 honesta
976 3051 1011 3117 in
1038 3053 1160 3117 virtute

99 3147 132 3196 45
151 3139 330 3220 ponuntur,
356 3135 391 3199 in
417 3136 506 3202 vitiis
534 3140 656 3224 turpia3
684 3161 722 3204 ea
745 3143 853 3204 autem
875 3139 910 3203 in
932 3140 1086 3224 opinione
1109 3163 1158 3204 ex·

151 3224 311 3308 istimare,
341 3245 408 3289 non
439 3225 474 3290 in
500 3230 618 3292 natura
644 3227 754 3312 posita
782 3227 938 3292 dementis
967 3230 1027 3292 est.
1073 3227 1159 3294 Nam

151 3332 209 3374 nec
232 3311 359 3376 arboris
381 3333 440 3378 nec
464 3314 537 3396 equi
559 3315 674 3398 virtus,
697 3337 779 3398 quae
799 3317 922 3398 dicitur,
944 3315 1064 3399 inquo
1084 3318 1195 3382 abu-³⁵

151 3398 251 3460 timur
283 3397 425 3481 nomine,
457 3399 492 3462 in
519 3401 669 3483 opinione
697 3404 762 3466 sita
788 3408 851 3486 est,
883 3403 939 3466 sed
965 3404 1001 3466 in
1027 3409 1158 3486 natura3

152 3483 237 3565 quod
270 3485 298 3547 si
311 3557 314 3564 ,
328 3485 377 3549 ita
408 3488 470 3568 est,
502 3484 640 3552 honesta
673 3510 800 3574 quoque
833 3494 865 3554 et
898 3491 1009 3574 turpia
1040 3496 1158 3556 natura
