2452 3938
199 167 263 234 228
549 167 598 222 DE
616 166 859 224 DIVINATIONE

199 334 297 398 quam
324 333 358 376 sa
385 310 635 376 fortunatiorem
663 333 760 394 quam
781 309 957 376 Praeneste
986 311 1104 376 vidisse
1124 310 1191 378 For·

199 404 320 465 tunam.
364 398 454 483 Ergo
476 398 540 464 hoc
562 397 770 463 divinationis
794 419 895 484 genus
919 399 1117 464 omittamus.

145 491 189 555 42
265 486 318 552 Ad
349 486 587 552 Chaldaeorum
618 488 765 551 monstra
796 486 977 571 veniamus3
1014 487 1056 552 de
1087 488 1191 573 quibus

198 575 365 659 Eudoxus,
391 572 539 639 Platonis
563 574 705 658 auditor,
730 573 767 639 in
788 573 969 661 astrologia
991 574 1110 641 iudicio
1132 575 1192 640 doc-

198 663 401 728 tissimorum
422 662 591 727 hominum
613 661 708 729 facile
731 661 894 748 princeps,
918 663 965 728 sic
988 663 1147 749 opinatur,
1165 663 1211 726 id¹

200 751 286 836 quod
312 751 470 836 scriptum
496 749 643 836 reliquit,
675 748 846 815 Chaldaeis
873 750 909 815 in
930 751 1148 835 praedictione
1168 755 1212 844 et,

198 841 233 904 in
255 839 423 905 notatione
446 837 599 922 cuiusque
621 837 708 904 vitae
732 859 770 902 ex
789 838 895 903 natali
913 838 964 903 die
982 839 1119 904 minime
1136 845 1212 904 essel

146 940 181 990 88
200 926 401 993 credendum.
448 923 606 992 Nominat
635 925 734 992 etiam
764 924 954 1012 Panaetius,
986 927 1045 1011 qui
1076 949 1155 993 unus
1180 949 1192 990 e

201 1014 318 1081 Stoicis
347 1014 589 1102 astrologorum
615 1013 780 1099 praedicta
802 1013 926 1098 reiecIt,
953 1012 1151 1082 Anchialum
1169 1017 1193 1078 et

201 1102 430 1187 Cassandrum,
465 1121 608 1167 summos
641 1101 825 1186 astrologos
856 1101 945 1168 illius
978 1104 1114 1188 aetatis,
1143 1121 1212 1186 qual

201 1195 272 1256 erat
294 1190 373 1275 ipse,
395 1213 468 1256 cum
490 1189 526 1254 in
548 1189 662 1254 ceteris
687 1189 885 1274 astrologiae
905 1191 1060 1274 partibus
1079 1191 1194 1257 excelle
1212 1192 1213 1282 l

199 1282 281 1363 rent,
303 1278 365 1342 hoo
386 1276 617 1363 praedictionis
641 1297 758 1364 genere
779 1298 847 1342 non
863 1298 949 1344 usos.
981 1277 1104 1364 Scylax
1120 1278 1213 1343 flas-3

200 1365 391 1448 earnassius,
412 1364 584 1430 familiaris
606 1363 764 1448 Panaetii,
786 1365 945 1430 excellens
968 1365 1005 1431 in
1029 1365 1195 1452 astrologia

199 1453 348 1537 idemque
370 1452 405 1518 in
427 1453 568 1538 regenda
590 1474 650 1518 sua
671 1453 802 1518 civitate
824 1453 987 1538 princeps,
1016 1458 1126 1522 totum
1145 1454 1194 1518 hoc

147 1553 181 1603 89
202 1539 413 1607 Chaldaicum
435 1540 639 1625 praedicendi
662 1561 763 1626 genus
786 1540 977 1625 repudiavit.
1014 1539 1082 1608 Sed
1102 1546 1138 1607 ut
1157 1563 1195 1605 ra·

200 1629 289 1695 tione
311 1631 442 1694 utamur
465 1628 594 1693 omissis
617 1628 770 1712 testibus,
793 1628 840 1693 sio
861 1627 919 1693 isti
941 1627 1127 1715 disputant,
1152 1555 1214 1712 quil

199 1717 280 1784 haee
299 1714 536 1782 Chaldaeorum
557 1716 712 1781 natalicia
733 1715 899 1802 praedicta
919 1716 1112 1784 defendunt:
1133 1717 1214 1781 Vin*

202 1804 364 1890 quandam
396 1825 467 1868 esse
499 1803 590 1868 aiunt
622 1803 777 1890 signifero
809 1803 844 1869 in
875 1804 966 1888 orbe,
998 1806 1059 1890 qui
1091 1804 1194 1871 Graece

201 1889 360 1971 ζωδιακός
389 1891 521 1974 dicitur,
549 1892 662 1975 talem,
693 1895 730 1956 ut
757 1891 825 1957 eius
853 1891 941 1956 orbis
968 1915 1037 1958 una
1066 1913 1194 1980 quaeque

200 2001 276 2065 pars
300 1979 366 2044 alia
388 1979 453 2044 alio
476 1978 572 2044 modo
596 1982 725 2044 moveat
747 1979 950 2064 inmutetque
972 1982 1117 2068 caelum,
1138 1964 1215 2084 per-t

200 2066 274 2132 inde
301 2070 338 2132 ut
365 2088 510 2151 quaeque
537 2067 652 2132 stellae
678 2067 714 2132 in
738 2066 791 2131 his
814 2067 1038 2152 finitumisque
1062 2069 1194 2156 partibus
1214 2099 1215 2110 ι

201 2156 268 2220 sint
297 2175 423 2238 quoque
452 2159 611 2240 tempore,
640 2176 775 2238 eamque
804 2153 871 2220 vim
897 2155 986 2221 varie
1014 2157 1141 2224 moveri
1163 2155 1194 2219 ab

201 2242 241 2306 iis
269 2242 441 2327 sideribus,
469 2265 551 2327 quae
577 2245 734 2307 vocantur
761 2243 917 2327 errantia3
944 2266 1018 2311 cum
1044 2244 1195 2310 autemin

202 2352 274 2396 eam
300 2330 405 2416 ipsam
432 2335 561 2415 partem
588 2330 676 2395 orbis
703 2331 862 2415 venerint,
891 2331 926 2397 in
953 2353 1018 2416 qua
1046 2333 1093 2398 sit
1119 2335 1195 2398 ortus

201 2418 279 2502 eius,
302 2418 359 2502 qui
379 2422 547 2502 nascatur,
573 2418 687 2483 autin
709 2439 795 2503 eam,
818 2440 899 2503 quae
922 2420 1131 2486 coniunctum
1152 2417 1215 2484 ali-¹

202 2505 279 2591 quid
301 2505 422 2572 habeat
446 2509 503 2571 aut
525 2506 738 2590 consentiens,
761 2527 800 2572 ea
821 2507 988 2593 triangula
1009 2508 1065 2573 illi
1083 2513 1117 2574 et
1134 2527 1195 2592 qua·

201 2595 295 2659 drata
308 2593 487 2659 nominant.
517 2592 649 2659 Etenim
663 2616 736 2660 cum
749 2593 928 2681 †tempore
942 2595 1020 2660 anni
1033 2598 1196 2682 tempests-

201 2685 335 2765 tumque
366 2681 448 2747 caeli
477 2681 702 2748 conversiones
734 2682 1068 2768 commutationesque
1098 2687 1196 2749 tantae

200 2769 282 2834 fiant
305 2790 435 2834 accessu
457 2769 627 2834 stellarum
650 2773 684 2834 et
705 2791 841 2854 recessu,
864 2792 1000 2854 cumque
1019 2792 1059 2837 ea
1078 2771 1112 2837 vi
1130 2767 1196 2836 solis

201 2855 396 2940 efficiantur,
419 2879 501 2942 quae
523 2856 683 2940 videmus,
704 2878 771 2921 non
791 2857 861 2924 veri
883 2857 989 2924 simile
1012 2859 1130 2944 solum,
1152 2854 1215 2920 sedi

202 2942 301 3007 etiam
314 2965 427 3010 verum
441 2966 511 3010 esse
525 2948 657 3010 censent
669 2944 810 3028 perinde,
823 2947 997 3030 utcumque
1006 2949 1196 3033 temperatus

202 3030 246 3094 sit
269 3035 333 3115 adr,
355 3031 403 3095 ita
425 3053 542 3117 pueros
566 3032 700 3097 orientis
723 3032 860 3098 animari
883 3036 980 3117 atqua
1000 3033 1146 3116 formari,
1166 3051 1197 3095 ex

148 3175 170 3238 4
202 3139 304 3202 eoque
321 3118 461 3204 ingenia,
483 3141 599 3204 mores,
618 3120 769 3204 animum,
787 3142 913 3208 corpus,
932 3121 1095 3186 actionem
1112 3122 1197 3198 vitae,

148 3177 295 3301 ,gressus
323 3207 476 3290 cuiusque
504 3211 701 3292 eventusque
727 3207 817 3295 fingi.
861 3208 889 3274 0
915 3208 1139 3274 delirationem
1159 3207 1197 3270 in·

202 3295 402 3360 credibilem!
433 3317 500 3358 non
530 3296 618 3360 enim
649 3295 755 3362 omnis
787 3317 877 3362 error
904 3296 1047 3362 stultitia
1073 3294 1215 3362 nicenus

202 3384 261 3444 est.
302 3379 424 3455 Quibus
449 3381 548 3445 etiam
569 3380 732 3467 Diogenes
756 3381 883 3449 Stoicus
906 3384 1051 3450 concedit
1073 3380 1197 3468 aliquid,

201 3469 239 3529 ut
257 3467 440 3549 praedicere
458 3467 586 3552 possint
605 3469 781 3558 dumtaxat,
807 3471 913 3556 qualis
932 3464 1066 3558 quisque
1088 3476 1197 3538 natura
