2458 3934
206 203 268 268 148
555 200 604 256 DE
622 199 864 257 DIVINATIONE

204 346 380 432 disputatio
408 345 471 410 tibi
496 344 575 430 ipsi,
603 349 642 410 ut
663 344 699 410 in
720 347 866 409 extremo
887 344 986 410 tertio
1008 345 1137 428 scribis,
1165 345 1200 410 ad

202 436 374 500 veritatem
397 438 447 499 est
469 433 541 497 visa
561 432 761 518 propensior.
801 430 872 516 Sed,
896 432 981 517 quod
1003 433 1201 518 praetermis·

203 545 275 588 sum
301 527 351 588 est
376 522 413 586 in
438 520 506 586 illis
533 520 626 585 libris
654 519 775 606 (credo,
803 520 880 605 quia
901 521 1103 586 commodius
1126 521 1201 586 arbi·

202 615 308 676 tratus
332 631 366 676 es
388 609 566 695 separatim
587 609 622 673 id
640 608 752 692 quaeri
769 608 871 693 deque
892 629 930 674 eo
949 607 1090 694 disseri),
1108 609 1141 674 id
1158 612 1202 673 est

202 700 242 765 de
264 698 472 783 divinatione,
495 717 577 781 quse
600 700 651 760 est
674 718 785 761 earum
807 719 924 779 rerum,
947 719 1030 780 quas
1051 697 1201 763 fortuitae

202 790 370 873 putantur,
400 784 577 871 praedictio
606 788 703 868 atque
731 785 931 870 praesensio,
960 784 1007 869 id,
1037 785 1067 850 si
1094 786 1202 872 placet,

121 880 126 886 “
202 875 368 941 videamus
397 897 494 958 quam
516 872 639 938 habeat
661 872 729 937 vim
752 875 785 938 et
808 873 904 956 quale
927 872 979 937 sit.
1025 872 1101 960 Ego
1125 875 1202 938 enin

203 965 249 1030 sic
272 963 432 1047 existimo,
454 962 483 1027 si
506 960 634 1027 sint‘ea
654 981 773 1046 genera
791 960 956 1026 divinandi
974 982 1062 1044 vera,
1086 961 1126 1026 de
1144 961 1202 1045 qui·

202 1053 264 1118 bus
283 1051 463 1137 accepimns
482 1071 627 1134 quaeque
642 1049 787 1133 colimus,
805 1070 875 1114 esse
890 1049 975 1133 deos,
993 1049 1202 1134 vicissimque,

153 1107 185 1231 ,lg
204 1142 232 1205 si
255 1140 289 1205 di
310 1140 385 1222 sint,
408 1160 478 1204 esse
501 1137 557 1222 qui
579 1137 732 1202 divinent.
772 1136 891 1203 Arcem
912 1141 950 1203 tu
972 1137 1106 1221 quidem
1127 1135 1214 1203 Stoi-1

203 1249 323 1311 corum,
344 1227 487 1310 inquam,
509 1223 635 1310 Quinte,
658 1224 811 1308 defendis,
833 1225 993 1310 siquidem
1012 1225 1082 1291 istc
1099 1226 1146 1292 sio
1161 1247 1200 1289 re

203 1316 421 1400 ciproeantur,
448 1317 485 1377 ut
513 1316 558 1396 et,
585 1313 615 1378 si
641 1313 797 1379 divinatio
821 1313 879 1396 sit,
907 1313 940 1378 di
962 1313 1028 1379 sint
1050 1318 1101 1400 et,
1128 1313 1201 1379 sidi

204 1403 278 1487 sint,
302 1403 345 1466 sit
363 1400 529 1466 divinatio.
566 1399 709 1476 Quorum
725 1404 877 1468 neutrum
895 1405 965 1466 tam
981 1401 1091 1486 facile,
1114 1423 1215 1486 quam,

202 1496 240 1557 tu
267 1489 451 1572 arbitreris,
478 1489 671 1554 conceditur.
716 1487 803 1554 Nam
830 1494 863 1554 et
890 1494 1009 1554 natura
1032 1488 1215 1576 significari

202 1580 314 1645 futura
336 1579 406 1644 sine
429 1578 488 1642 deo
511 1581 650 1661 possunt
671 1581 714 1660 ct,
736 1581 774 1641 ut
792 1577 859 1642 sint
877 1577 919 1661 di,
940 1581 1053 1662 potest
1071 1579 1150 1661 fieri,
1170 1573 1215 1640 utl

202 1669 294 1734 nulla
317 1669 358 1733 ab
380 1667 422 1731 iis
445 1665 601 1731 divinatio
625 1665 736 1751 generi
757 1666 900 1730 humano
918 1666 1044 1731 tributa
1062 1667 1117 1732 sit
1151 1665 1199 1730 Aa

204 1778 265 1841 que
283 1757 353 1821 ille:
376 1754 458 1820 Mihi
475 1775 562 1837 vero,
579 1753 695 1837 inquit,
714 1753 795 1818 satis
814 1757 865 1817 est
883 1755 1071 1839 argumenti
1089 1759 1122 1820 et
1139 1773 1199 1818 esse

204 1846 280 1909 deos
300 1848 333 1908 et
351 1864 406 1908 eos
421 1841 587 1908 consulere
599 1842 697 1906 rebus
710 1841 870 1925 humanis,
888 1841 974 1925 quod
988 1863 1061 1907 esse
1074 1843 1200 1908 claruet

203 1931 374 2017 perspicua
396 1929 604 1994 divinationis
628 1949 747 2014 genera
768 1929 882 1994 iudico.
919 1928 967 1994 De
990 1931 1111 2013 quibus
1134 1927 1216 2014 quid,

202 2020 276 2104 ipse
296 2017 442 2101 sentiam,
468 2017 497 2081 si
518 2017 634 2101 placet,
657 2037 827 2102 exponam,
847 2017 895 2081 ita
918 2020 1036 2101 temen,
1059 2019 1092 2084 si
1113 2017 1216 2084 verul

204 2106 312 2171 animo
334 2126 438 2190 neque
459 2105 560 2170 habes
584 2103 719 2189 aliquid,
747 2104 834 2188 quod
855 2103 931 2170 huic
953 2106 1098 2171 sermoni
1120 2125 1199 2190 prae

153 2209 184 2257 11
203 2193 392 2260 vertendum
421 2196 524 2279 putes.
573 2191 646 2278 Ego
676 2213 767 2274 vero,
795 2193 943 2276 inquam,
971 2193 1199 2279 philosophiae,

204 2281 335 2366 Quinte,
367 2302 494 2366 sempor
523 2301 617 2363 vaco;
649 2279 711 2346 hoc
738 2284 846 2345 autem
874 2284 1034 2364 tempore,
1064 2303 1139 2348 cum
1163 2279 1200 2343 sit

203 2371 285 2436 nihil
309 2369 406 2453 aliud,
429 2367 515 2453 quod
536 2368 685 2433 lubenter
708 2389 804 2454 agere
822 2368 956 2452 possim,
978 2367 1199 2453 multomagis

168 2475 171 2480 ’
204 2481 283 2526 aveo
306 2458 425 2540 audire,
438 2456 487 2522 'de
509 2455 707 2522 divinatione
730 2455 807 2539 quid
829 2456 960 2521 sentias.
1209 2467 1216 2508 ¹

268 2545 370 2631 Nihil,
391 2545 507 2629 inquit,
529 2545 677 2628 equidem
694 2544 779 2626 novi,
797 2565 856 2609 nec
874 2543 960 2628 quod
977 2548 1110 2630 praeter
1128 2546 1198 2610 cete

203 2657 257 2701 ros
275 2635 345 2720 ipse
365 2633 518 2717 sentiam3
536 2653 614 2696 nam
632 2653 705 2696 cum
724 2631 984 2715 antiquissimam
1002 2631 1198 2711 sententiam,

203 2727 274 2788 tum
297 2723 441 2788 omnium
462 2721 657 2806 populorum
679 2723 712 2784 et
735 2719 880 2806 gentium
898 2741 1056 2785 consensu
1075 2738 1198 2804 conpro

204 2809 315 2876 batam
338 2830 463 2894 sequor.
498 2807 572 2873 Duo
594 2811 672 2872 sunt
692 2807 777 2872 enim
795 2807 961 2874 divinandi
979 2829 1108 2893 genera,
1131 2825 1198 2892 quo

153 2910 185 2958 12
204 2918 277 2960 rum
309 2897 448 2962 alterum
479 2897 561 2962 artis
591 2899 653 2979 est,
685 2895 824 2960 alterum
851 2899 994 2960 natiuae.
1041 2895 1130 2972 Quae
1146 2895 1216 2958 ests

205 2986 313 3048 autem
340 3005 419 3068 gens
447 2988 504 3049 aut
532 3005 613 3068 quae
641 2982 768 3066 civitas,
796 3005 878 3067 quae
907 3004 975 3048 non
997 2987 1054 3048 aut
1077 2979 1198 3065 extispi-

205 3091 277 3136 cum
300 3074 357 3135 aut
375 3075 522 3136 monstra
544 3076 602 3136 aut
622 3071 754 3158 fulgora
776 3070 1060 3156 interpretantium
1080 3074 1135 3136 aut
1151 3089 1198 3133 eu·

205 3178 321 3244 gurum
351 3160 408 3223 ant
437 3159 677 3244 astrologorum
707 3163 765 3224 sut
791 3159 929 3225 sortium
955 3156 1009 3244 (ea
1032 3160 1116 3224 enim
1136 3156 1196 3220 fere

204 3246 285 3312 artis
312 3243 402 3334 sunt)
431 3249 488 3310 aut
514 3247 712 3312 somniorum
739 3250 796 3313 aut
822 3247 1091 3313 vaticinationum
1113 3243 1196 3330 (baec

204 3334 290 3398 euim
312 3333 375 3399 duo
397 3333 562 3398 naturalia
582 3334 753 3420 putantur)
775 3335 994 3419 praedictione
1015 3328 1216 3401 moveaturl³

204 3418 347 3494 Quarum
374 3420 503 3504 quidem
529 3441 638 3485 rerum
664 3427 780 3486 eventa
806 3423 911 3508 magis
940 3421 1084 3487 arbitror
1108 3437 1194 3505 quam

189 3522 317 3571 'causas
340 3507 452 3591 quaeri
474 3509 632 3591 oportere.
668 3507 731 3572 Est
754 3509 841 3573 euim
858 3510 907 3575 vis
926 3513 959 3573 et
976 3513 1095 3575 natura
1111 3525 1196 3591 quae
