2458 3934
352 151 459 209 urar
483 152 558 208 car.
579 160 604 224 1,
622 161 648 211 a.
670 160 687 222 s
706 161 783 211 1-4.
1004 155 1069 220 145

79 299 164 381 atque
185 295 315 362 doctam
337 317 441 380 neque
464 300 532 362 tam
554 297 718 364 inmanem
736 301 867 382 tamque
884 297 1069 381 barbaram,

78 405 148 468 quae
173 405 242 448 non
268 383 446 470 significari
471 383 584 451 futura
606 389 639 450 ct
661 409 681 452 a
704 385 897 470 quibusdam
918 385 1069 471 intellegi

75 471 269 556 praedicique
297 493 394 556 posse
424 475 560 538 censeat.
604 472 767 559 Principio
790 473 932 558 Assyrii,
961 477 998 539 ut
1026 474 1067 538 ab

75 559 197 624 ultumis
222 560 450 625 auctoritatem
472 564 627 647 repetam,
649 565 784 647 propter
805 561 978 646 planitiam
1000 583 1067 627 ma

55 647 331 732 ⁵guitudincmque
348 648 528 734 regionum,
546 671 626 734 quas
640 649 834 734 incolebant,
853 671 926 718 cum
941 651 1068 716 caelum

73 755 106 798 er
126 734 213 800 omni
236 739 330 820 parte
352 740 469 820 petens
488 741 585 821 atque
604 741 750 823 apertum
768 738 979 822 intuerentur,
1002 742 1068 803 tra-

73 822 216 888 iectiones
240 827 412 907 motusque
435 825 605 890 stellarum
628 825 922 909 observitaverunt,
950 826 1067 910 quibus

73 912 194 996 rotatis,
220 911 299 996 quid
321 912 434 996 cuique
458 913 703 999 significaretur,
726 913 899 978 memoriae
921 914 1068 997 prodide-

73 1003 146 1063 runt.
191 997 264 1075 Qua
291 999 326 1064 in
347 1001 478 1065 natione
501 999 657 1065 Chaldaei
678 1021 745 1065 non
766 1021 805 1064 ex
829 1001 923 1083 artis,
950 1001 1006 1066 sed
1029 1022 1068 1065 ex

46 1105 63 1142 a
73 1087 169 1170 gentis
197 1087 359 1153 vocabulo
381 1088 541 1152 nominati
563 1089 715 1152 diuturna
738 1087 964 1153 observatione
987 1088 1068 1153 side·

72 1195 134 1238 rum
159 1175 332 1241 scientiam
358 1179 515 1261 putantur
543 1176 697 1259 effecisse,
723 1180 761 1240 ut
783 1175 925 1261 praedici
947 1180 1068 1262 posset,

73 1262 139 1344 quid
156 1264 274 1348 cuique
292 1267 482 1328 eventurum
500 1267 534 1328 et
548 1285 611 1348 quo
626 1264 761 1350 quisque
774 1263 844 1330 fato
861 1269 958 1330 natus
973 1269 1067 1330 esset.
1099 1297 1103 1306 ·

72 1347 209 1416 Eandem
238 1355 342 1416 artem
370 1352 468 1416 ctiam
495 1351 651 1438 Aegyptii
678 1353 916 1439 longinquitate
944 1356 1068 1439 tempo-

73 1459 134 1502 rum
150 1439 444 1504 innumerabilibus
458 1461 560 1524 paene
575 1440 710 1506 saeculis
725 1441 888 1506 consecuti
901 1445 1066 1525 putantur.

46 1543 63 1581 1⁵
73 1522 198 1592 Cilicum
238 1532 347 1592 autem
384 1532 417 1592 et
444 1527 629 1592 Pisidarum
661 1549 739 1614 gens
772 1532 805 1608 et
836 1527 887 1592 his
917 1528 1068 1593 finituma

72 1609 266 1702 Pamphylia,
289 1615 406 1700 quibus
428 1615 615 1681 nationibus
638 1615 835 1701 praefuimus
857 1615 930 1700 ipsi,
952 1616 1068 1680 volati-

71 1699 123 1766 bus
146 1703 258 1768 avium
281 1703 493 1787 cantibusque
515 1709 551 1768 at
572 1702 761 1768 certissimis
784 1703 886 1788 signis
910 1702 1068 1768 declarari
1091 1765 1093 1772 .

73 1809 115 1853 res
135 1789 266 1856 futuras
288 1794 414 1876 putant.
451 1789 555 1867 Quam
576 1811 653 1856 vero
677 1788 813 1854 Graecia
831 1789 992 1855 coloniam
1010 1791 1067 1855 mi·
1086 1803 1102 1850 a

73 1876 109 1940 sit
128 1878 163 1942 ih
179 1878 342 1962 Aeoliam,
364 1877 498 1964 Ioniam,
521 1879 644 1963 Asiam,
667 1875 820 1961 Siciliam,
842 1875 975 1942 Italiam
997 1878 1067 1943 sine

47 1961 180 2048 prthio
216 1970 274 2032 aut
304 1965 479 2032 Dodonaeo
512 1971 569 2032 aut
599 1965 790 2032 Hammonis
824 1965 976 2031 oraculo?
1011 1970 1068 2031 aut

74 2053 148 2135 quod
175 2053 301 2120 bellum
329 2057 514 2140 susceptum
542 2055 583 2120 ab
611 2055 744 2119 casine
772 2053 906 2120 consilio
934 2053 1068 2120 deorum

74 2141 134 2206 est?
177 2141 251 2208 Nec
279 2163 379 2206 uuum
408 2163 509 2228 genus
538 2145 589 2207 est
615 2141 822 2208 divinationis
849 2142 978 2228 publice
1003 2143 1109 2228 pri-2

74 2229 231 2314 vatimque
255 2230 461 2296 celebratum.
506 2227 606 2314 Nam,
632 2234 670 2294 ut
693 2230 843 2297 omittam
866 2233 990 2296 ceteros
1013 2253 1068 2315 po

74 2316 167 2402 pulos,
184 2321 300 2383 noster
318 2340 415 2402 quam
433 2319 537 2383 multa
556 2339 675 2404 genera
693 2319 866 2403 conplexus
885 2319 948 2383 cst!
977 2317 1069 2381 Prin·

48 2413 66 2454 2⁵
75 2403 148 2487 cipio
165 2405 264 2470 huius
282 2406 372 2470 urbis
390 2427 508 2492 parens
521 2405 679 2471 Romulus
697 2427 763 2470 uon
780 2406 886 2470 solum
900 2403 1067 2490 auspicato

74 2491 176 2558 urbem
195 2493 385 2578 condidisse,
404 2493 461 2558 scd
478 2494 547 2579 ipsc
567 2494 665 2559 etiam
684 2497 836 2578 optumus
851 2513 955 2577 augur
966 2491 1068 2558 fuisse

75 2577 214 2646 traditur.
258 2577 382 2646 Deinde
411 2581 586 2667 auguribus
616 2583 649 2646 et
677 2580 795 2664 reliqui
821 2600 914 2666 reges
941 2579 1005 2664 usi,
1035 2584 1068 2645 et

76 2668 185 2734 exactis
214 2668 355 2754 regibus.
372 2669 457 2733 nihil
482 2669 609 2754 publice
633 2669 702 2734 sine
725 2667 876 2753 auspiciis
899 2688 958 2732 neo
981 2667 1069 2734 domi

76 2771 125 2820 nec
144 2755 283 2822 militiae
306 2756 487 2842 gerebatur.
528 2755 672 2840 Cumque
694 2775 815 2841 magua
836 2755 886 2820 vis
905 2754 1068 2823 videretur

49 2849 137 2908 ³lesse
159 2848 193 2910 et
215 2843 426 2929 inpetriendis
449 2845 714 2928 consulendisque
737 2843 833 2908 rebus
857 2846 890 2908 et
910 2845 1067 2910 monstris

59 2925 316 3018 interpretandis
335 2953 371 2998 ao
389 2931 599 3018 procurandis
617 2931 652 2996 in
665 2929 872 3016 haruspicum
886 2932 1067 3018 disciplina,

77 3035 194 3086 omnem
215 3019 300 3084 hanc
323 3041 362 3084 ex
378 3019 515 3086 Etruria
537 3019 705 3084 scientiam
728 3017 933 3104 adhibebant,
955 3042 1068 3106 nege

76 3121 128 3170 uus
154 3111 241 3173 esset
267 3108 371 3172 ullum
398 3106 619 3191 divinationis,
647 3105 733 3191 quod
753 3109 939 3194 neglectum
962 3109 1003 3172 ab
1025 3107 1067 3171 iis

47 3229 54 3238 ·
78 3190 237 3262 videretur.
281 3193 326 3260 Et
352 3218 425 3260 cum
452 3195 576 3260 duobus
598 3195 703 3260 modis
727 3197 827 3260 animi
850 3197 918 3260 sine
941 3194 1067 3259 ratione
1086 3205 1104 3254 4

50 3281 106 3342 llet
125 3284 258 3349 scientia
280 3287 372 3348 motu
389 3284 453 3369 ipsi
471 3303 529 3347 suo
549 3283 656 3349 soluto
675 3286 709 3348 et
726 3283 828 3348 libero
847 3282 1067 3365 incitarentur,

79 3385 132 3433 uno
158 3371 299 3457 furente,
332 3371 435 3437 altero
463 3370 659 3455 somniante,
690 3370 809 3436 furoris
837 3367 1068 3434 divinationem

80 3448 235 3540 Sibyllinis
262 3459 401 3524 maxime
428 3458 575 3524 versibus
603 3457 760 3524 contineri
783 3456 934 3521 arbitrati
957 3477 1068 3522 eorum

122 3567 173 3614 (210.
186 3571 262 3615 ΙῊ.
821 3563 855 3612 10
