2478 3936
164 157 206 220 74
468 151 518 206 DE
535 150 687 206 NATURA
705 149 856 204 DEORUM

162 298 411 365 inbecillitatem
439 295 615 360 difficultas
641 295 774 360 minime
796 294 882 360 eadit
903 294 938 360 in
960 294 1169 360 maiestatem
1221 337 1222 346 κ

108 439 148 565 :32¹
162 383 1171 563 ἓίἓὶῗάῖὴιέᾎὲἓὲηἶῆἰὲξὲὲῖῐὲἓω3ζὲῗὲᾉέξῖᾟὲἳῖ

162 585 236 632 cum
255 562 323 628 sint
340 562 383 646 di,
405 561 548 626 simodo
567 564 652 641 sunt,
675 564 712 624 ut
724 559 869 645 profecto
883 563 969 642 sunt,
990 559 1169 624 animantis

162 671 246 735 esse,
275 672 335 716 nec
364 650 472 716 solum
498 648 687 728 animantis,
716 647 772 713 sed
798 647 896 712 etiam
923 647 1062 712 rationis
1085 670 1170 713 com·
1196 666 1209 707 s

162 744 257 827 potes
278 738 366 804 inter
387 759 485 822 seque
504 737 597 822 quasi
615 736 703 802 civili
720 735 943 802 conciliatione
961 739 994 800 et
1013 736 1172 802 societate

163 828 367 911 coniunctos,
388 848 490 892 unum
512 825 667 890 mundum
690 827 728 889 ut
749 845 950 890 communem
971 845 1043 888 rem
1065 825 1172 909 publi·

108 929 144 982 79
163 939 236 984 eam
271 919 369 1000 atque
405 914 520 980 urbem
555 913 701 996 aliquam
730 912 881 998 regentis.
930 908 1099 996 Sequitur,
1134 916 1173 977 ut

163 1005 277 1071 eadem
300 1004 396 1070 sitin
414 1003 465 1087 iis,
487 1024 569 1087 quae
586 1001 729 1066 humano
746 1001 781 1064 in
799 1021 924 1086 genere,
941 1000 1037 1083 ratio,
1058 1001 1173 1066 eadem

162 1094 284 1159 veritas
316 1092 489 1175 utrobique
522 1090 566 1155 sit
597 1089 770 1173 eademque
802 1089 867 1171 lex,
898 1109 979 1171 quae
1011 1093 1063 1153 est
1090 1089 1173 1155 recti
1186 1108 1224 1154 ιο,

163 1180 348 1266 praeceptio
366 1179 522 1265 pravique
541 1177 696 1263 depulsio.
726 1176 777 1242 Ex
796 1198 859 1260 quo
877 1176 1080 1262 intellegitur
1097 1200 1173 1263 pru-

164 1269 308 1334 dentiam
337 1287 466 1350 quoque
494 1270 528 1331 et
558 1269 702 1331 mentem
727 1287 747 1330 a
775 1264 842 1330 deis
864 1263 907 1329 ad
929 1264 1077 1330 homines
1100 1288 1173 1351 per·

163 1357 304 1436 venisse,
331 1354 373 1418 ob
397 1375 531 1438 eamque
554 1375 686 1419 causam
707 1352 866 1418 maiorum
886 1352 1047 1418 institutis
1070 1375 1172 1437 mens,

163 1443 253 1525 fides,
270 1442 385 1526 virtus,
402 1441 574 1507 concordia
592 1445 796 1508 consecratae
816 1442 849 1505 et
862 1440 990 1526 publice
1004 1441 1172 1507 dedicatae

164 1535 248 1596 sunt.
285 1527 374 1606 Quae
398 1530 454 1614 qui
476 1530 627 1596 convenit
644 1551 743 1614 penes
761 1527 838 1594 deos
855 1549 927 1594 esse
944 1550 1074 1615 negare,
1098 1553 1171 1596 cum
1185 1546 1225 1600 1⁵3

163 1640 275 1684 eorum
293 1622 434 1706 augusta
452 1621 486 1683 et
503 1621 616 1684 sancta
630 1618 803 1683 simulacre
815 1617 1025 1682 veneremur?
1049 1617 1172 1694 Quodsi

164 1707 249 1772 inest
267 1707 301 1772 in
318 1706 486 1772 hominum
497 1727 614 1793 genere
634 1727 735 1789 mens,
751 1705 841 1788 fides,
858 1704 972 1786 virtus,
990 1707 1172 1790 concordia,

164 1795 248 1861 unde
279 1795 360 1860 haec
388 1798 426 1862 in
451 1798 574 1860 terram
599 1793 663 1859 nisi
690 1793 732 1859 ab
759 1792 884 1879 superis
913 1793 1051 1858 defluere
1078 1799 1173 1880 potu-

164 1883 282 1948 erunt?
327 1881 472 1967 Cumque
500 1883 566 1947 sint
592 1882 627 1946 in
648 1882 743 1947 nobis
766 1881 951 1965 consilium,
974 1881 1075 1966 ratio,
1097 1905 1172 1968 pru-
1225 1961 1226 1970 ἵ

165 1969 283 2053 dantia,
305 1990 435 2036 necesse
458 1974 509 2035 est
531 1970 609 2035 deos
630 1969 710 2035 haee
727 1970 800 2055 ipsa
819 1969 938 2034 habere
956 1970 1091 2055 maiora,
1112 1992 1172 2036 nec
1184 1973 1226 2050 2⁰}

165 2056 287 2122 habere
309 2057 425 2142 solum,
448 2057 504 2123 sed
527 2058 626 2123 etiam
648 2057 689 2122 iia
712 2057 762 2122 nti
783 2057 818 2122 in
839 2057 999 2122 maxumis
1023 2061 1056 2123 et
1079 2063 1139 2144 opt
1161 2093 1172 2106 ·
1225 2075 1226 2078 ’

108 2147 146 2200 80
165 2145 227 2209 mis
249 2143 360 2229 rebus;
382 2146 466 2210 nihil
488 2149 598 2211 autem
618 2166 678 2210 nec
699 2145 804 2209 maius
826 2166 886 2210 nec
903 2145 1018 2212 melius
1036 2148 1173 2232 mund03

164 2251 294 2296 necesse
322 2235 372 2296 est
399 2253 477 2319 ergo
500 2255 575 2299 eum
597 2233 730 2298 deorum
752 2232 888 2299 consilio
911 2238 945 2298 et
965 2234 1173 2318 providentia

165 2317 394 2385 administrari.
425 2319 595 2386 Postremo
614 2342 688 2386 eum
706 2321 787 2385 satis
806 2320 1007 2388 docuerimus
1024 2321 1087 2388 hos
1101 2345 1171 2389 esse

164 2405 251 2491 deos,
275 2429 412 2493 quorum
434 2407 593 2495 insignem
616 2408 684 2473 rim
707 2412 740 2474 et
761 2408 934 2474 inlustrem
950 2409 1069 2476 faciem
1087 2410 1171 2477 vide
1184 2425 1205 2466 a

164 2516 282 2580 remus,
305 2495 408 2562 solem
430 2495 501 2562 dico
525 2501 558 2561 et
580 2497 693 2561 lunam
716 2499 750 2561 et
771 2517 873 2582 vagas
895 2498 1009 2563 stellas
1033 2503 1067 2564 et
1088 2500 1171 2565 iner-

164 2587 274 2649 rantes
305 2587 339 2648 et
360 2584 486 2651 caelum
509 2588 543 2649 et
565 2583 720 2650 mundum
741 2583 850 2670 ipsum
873 2589 906 2650 et
928 2608 1040 2652 earum
1061 2610 1171 2654 rerum

163 2669 244 2753 rim,
274 2693 355 2756 quae
384 2672 529 2737 inessent
555 2672 591 2736 in
618 2671 706 2750 omni
728 2673 848 2738 mundo
872 2695 944 2739 cum
967 2696 1087 2762 magno
1112 2698 1171 2741 usu

165 2760 198 2821 et
224 2760 454 2826 commoditate
481 2760 608 2846 generis
631 2759 780 2845 humani,
807 2760 946 2826 efficitur
968 2763 1079 2828 omnia
1101 2764 1171 2850 regi

165 2842 274 2909 divina
300 2851 408 2912 mente
433 2851 530 2933 atque
552 2847 732 2933 prudentia
777 2846 827 2914 Ac
849 2847 889 2914 de
909 2849 1017 2935 prima
1040 2852 1204 2936 quidem³⁰

109 2979 154 3046 32
164 2933 258 3016 parte
282 2932 362 2996 satis
385 2933 507 3000 dictum
529 2940 588 3000 est.

108 3053 144 3106 el
231 3013 392 3103 Sequitur,
414 3025 452 3086 ut
474 3021 608 3088 doceam
630 3023 740 3090 omnia
762 3024 908 3091 subiecta
930 3047 1001 3092 esse
1023 3029 1171 3111 naturae,

164 3119 264 3190 eaque
288 3104 329 3170 ab
353 3126 391 3170 ea
412 3107 625 3191 pulcherrime
648 3111 726 3196 geri.
770 3109 834 3177 Sed
856 3112 934 3197 quid
956 3113 1000 3179 ait
1021 3113 1096 3199 ipsa
1117 3138 1171 3182 ne·

162 3194 251 3276 tura,
279 3191 503 3278 explicandum
531 3202 581 3262 est
608 3203 685 3264 ante
707 3199 862 3284 breviter,
891 3223 954 3286 quo
977 3201 1107 3268 facilius
1130 3203 1171 3288 id,

164 3279 251 3363 quod
277 3278 390 3347 docere
417 3281 581 3367 volumus,
607 3285 757 3373 intellegi
782 3289 896 3373 possit.
941 3287 1093 3374 Namque
1116 3291 1205 3358 aliia

162 3369 316 3433 naturam
339 3390 409 3434 esse
433 3373 565 3434 censent
587 3371 654 3436 vim
677 3375 839 3456 quandam
857 3376 926 3441 sine
944 3376 1071 3443 ratione
1090 3380 1172 3446 cien-

163 3453 230 3517 tem
254 3457 362 3521 motus
385 3455 421 3520 in
443 3456 630 3541 corporibus
653 3462 865 3548 necessarios,
893 3464 950 3528 alii
973 3468 1083 3530 autem
1106 3468 1173 3533 vim
