<?xml version="1.0" encoding="UTF-8"?>
<!DOCTYPE html PUBLIC "-//W3C//DTD XHTML 1.0 Transitional//EN"
    "http://www.w3.org/TR/xhtml1/DTD/xhtml1-transitional.dtd">
<html xmlns="http://www.w3.org/1999/xhtml" xml:lang="en" lang="en">
 <head>
  <title>
</title>
<meta http-equiv="Content-Type" content="text/html;charset=utf-8" />
  <meta name='ocr-system' content='tesseract 3.04.00' />
  <meta name='ocr-capabilities' content='ocr_page ocr_carea ocr_par ocr_line ocrx_word'/>
</head>
<body>
  <div class='ocr_page' id='page_1' title='image "./mtulliiciceroni03mlgoog_0176.png"; bbox 0 0 2458 3934; ppageno 0'>
   <div class='ocr_carea' id='block_1_1' title="bbox 322 183 1052 252">
    <p class='ocr_par' dir='ltr' id='par_1_1' title="bbox 322 183 1052 252">
     <span class='ocr_line' id='line_1_1' title="bbox 322 183 1052 252; baseline 0.021 -15"><span class='ocrx_word' id='word_1_1' title='bbox 322 183 389 240; x_wconf 80' lang='lat' dir='ltr'>urs.</span> <span class='ocrx_word' id='word_1_2' title='bbox 410 184 457 240; x_wconf 89' lang='lat'>111.</span> <span class='ocrx_word' id='word_1_3' title='bbox 478 183 554 242; x_wconf 81' lang='lat' dir='ltr'>cAP.</span> <span class='ocrx_word' id='word_1_4' title='bbox 575 192 651 242; x_wconf 85' lang='lat' dir='ltr'>1-a.</span> <span class='ocrx_word' id='word_1_5' title='bbox 671 191 686 252; x_wconf 80' lang='lat' dir='ltr'>s</span> <span class='ocrx_word' id='word_1_6' title='bbox 706 191 782 242; x_wconf 85' lang='lat' dir='ltr'>1-r.</span> <span class='ocrx_word' id='word_1_7' title='bbox 989 187 1052 252; x_wconf 85' lang='lat'>109</span> 
     </span>
    </p>
   </div>
   <div class='ocr_carea' id='block_1_2' title="bbox 36 327 1100 3238">
    <p class='ocr_par' dir='ltr' id='par_1_2' title="bbox 36 327 1100 3238">
     <span class='ocr_line' id='line_1_2' title="bbox 66 327 1054 415; baseline 0 -21"><span class='ocrx_word' id='word_1_8' title='bbox 66 330 190 413; x_wconf 85' lang='lat' dir='ltr'>labatur,</span> <span class='ocrx_word' id='word_1_9' title='bbox 212 332 251 396; x_wconf 87' lang='lat' dir='ltr'>ut</span> <span class='ocrx_word' id='word_1_10' title='bbox 272 328 490 396; x_wconf 78' lang='lat' dir='ltr'><strong>meminissem</strong></span> <span class='ocrx_word' id='word_1_11' title='bbox 513 351 565 395; x_wconf 91' lang='lat' dir='ltr'>me</span> <span class='ocrx_word' id='word_1_12' title='bbox 588 333 620 394; x_wconf 91' lang='lat' dir='ltr'>et</span> <span class='ocrx_word' id='word_1_13' title='bbox 644 327 778 396; x_wconf 81' lang='lat' dir='ltr'>Cottam</span> <span class='ocrx_word' id='word_1_14' title='bbox 801 350 871 398; x_wconf 86' lang='lat' dir='ltr'>esse</span> <span class='ocrx_word' id='word_1_15' title='bbox 893 332 928 396; x_wconf 92' lang='lat' dir='ltr'>et</span> <span class='ocrx_word' id='word_1_16' title='bbox 949 330 1054 415; x_wconf 92' lang='lat' dir='ltr'>ponti-</span> 
     </span>
     <span class='ocr_line' id='line_1_3' title="bbox 65 417 1055 503; baseline 0.002 -21"><span class='ocrx_word' id='word_1_17' title='bbox 65 417 155 502; x_wconf 72' lang='lat' dir='ltr'>ficem</span> <span class='ocrx_word' id='word_1_18' title='bbox 184 417 270 501; x_wconf 93' lang='lat' dir='ltr'>quod</span> <span class='ocrx_word' id='word_1_19' title='bbox 290 440 345 503; x_wconf 89' lang='lat' dir='ltr'>eo,</span> <span class='ocrx_word' id='word_1_20' title='bbox 368 418 476 502; x_wconf 91' lang='lat' dir='ltr'>credo,</span> <span class='ocrx_word' id='word_1_21' title='bbox 498 419 643 502; x_wconf 87' lang='lat' dir='ltr'>valebat,</span> <span class='ocrx_word' id='word_1_22' title='bbox 666 422 703 483; x_wconf 94' lang='lat' dir='ltr'>ut</span> <span class='ocrx_word' id='word_1_23' title='bbox 726 417 907 502; x_wconf 77' lang='lat' dir='ltr'>opiniones,</span> <span class='ocrx_word' id='word_1_24' title='bbox 931 440 1011 502; x_wconf 89' lang='lat' dir='ltr'>quas</span> <span class='ocrx_word' id='word_1_25' title='bbox 1035 441 1055 484; x_wconf 90' lang='lat' dir='ltr'>a</span> 
     </span>
     <span class='ocr_line' id='line_1_4' title="bbox 65 505 1054 591; baseline 0.002 -21"><span class='ocrx_word' id='word_1_26' title='bbox 65 505 225 572; x_wconf 86' lang='lat' dir='ltr'>maioribus</span> <span class='ocrx_word' id='word_1_27' title='bbox 249 506 430 591; x_wconf 90' lang='lat' dir='ltr'>accepimus</span> <span class='ocrx_word' id='word_1_28' title='bbox 453 507 492 570; x_wconf 90' lang='lat' dir='ltr'>de</span> <span class='ocrx_word' id='word_1_29' title='bbox 515 506 564 570; x_wconf 89' lang='lat' dir='ltr'>dis</span> <span class='ocrx_word' id='word_1_30' title='bbox 587 506 829 591; x_wconf 80' lang='lat' dir='ltr'><strong>inmortalibus,</strong></span> <span class='ocrx_word' id='word_1_31' title='bbox 859 528 964 591; x_wconf 85' lang='lat' dir='ltr'>saera,</span> <span class='ocrx_word' id='word_1_32' title='bbox 987 529 1054 572; x_wconf 81' lang='lat' dir='ltr'>cae</span> 
     </span>
     <span class='ocr_line' id='line_1_5' title="bbox 64 593 1055 681; baseline 0.002 -23"><span class='ocrx_word' id='word_1_33' title='bbox 64 593 202 660; x_wconf 86' lang='lat' dir='ltr'>rimonias</span> <span class='ocrx_word' id='word_1_34' title='bbox 226 594 465 680; x_wconf 78' lang='lat' dir='ltr'>religionesque</span> <span class='ocrx_word' id='word_1_35' title='bbox 489 594 700 660; x_wconf 85' lang='lat' dir='ltr'>defenderem</span> <span class='ocrx_word' id='word_1_36' title='bbox 735 594 808 681; x_wconf 83' lang='lat' dir='ltr'>Ego</span> <span class='ocrx_word' id='word_1_37' title='bbox 831 616 907 661; x_wconf 81' lang='lat' dir='ltr'>uero</span> <span class='ocrx_word' id='word_1_38' title='bbox 930 617 985 660; x_wconf 92' lang='lat' dir='ltr'>eas</span> <span class='ocrx_word' id='word_1_39' title='bbox 1004 595 1055 661; x_wconf 88' lang='lat' dir='ltr'>de-</span> 
     </span>
     <span class='ocr_line' id='line_1_6' title="bbox 46 681 1057 768; baseline 0.005 -23"><span class='ocrx_word' id='word_1_40' title='bbox 46 681 176 748; x_wconf 75' lang='lat' dir='ltr'>rlendam</span> <span class='ocrx_word' id='word_1_41' title='bbox 214 704 342 768; x_wconf 84' lang='lat' dir='ltr'>semper</span> <span class='ocrx_word' id='word_1_42' title='bbox 377 705 566 768; x_wconf 86' lang='lat' dir='ltr'>semperque</span> <span class='ocrx_word' id='word_1_43' title='bbox 599 682 737 766; x_wconf 89' lang='lat' dir='ltr'>defendi,</span> <span class='ocrx_word' id='word_1_44' title='bbox 773 705 832 751; x_wconf 87' lang='lat' dir='ltr'>nec</span> <span class='ocrx_word' id='word_1_45' title='bbox 862 705 915 750; x_wconf 91' lang='lat' dir='ltr'>me</span> <span class='ocrx_word' id='word_1_46' title='bbox 947 706 986 748; x_wconf 84' lang='lat' dir='ltr'>ex</span> <span class='ocrx_word' id='word_1_47' title='bbox 1017 705 1057 750; x_wconf 87' lang='lat' dir='ltr'>ea</span> 
     </span>
     <span class='ocr_line' id='line_1_7' title="bbox 64 770 1056 857; baseline 0.003 -22"><span class='ocrx_word' id='word_1_48' title='bbox 64 770 213 854; x_wconf 88' lang='lat' dir='ltr'>opinione,</span> <span class='ocrx_word' id='word_1_49' title='bbox 241 792 340 855; x_wconf 85' lang='lat' dir='ltr'>quam</span> <span class='ocrx_word' id='word_1_50' title='bbox 368 793 387 836; x_wconf 88' lang='lat' dir='ltr'>a</span> <span class='ocrx_word' id='word_1_51' title='bbox 415 771 592 837; x_wconf 89' lang='lat' dir='ltr'>maioribus</span> <span class='ocrx_word' id='word_1_52' title='bbox 619 771 728 857; x_wconf 85' lang='lat' dir='ltr'>accepi</span> <span class='ocrx_word' id='word_1_53' title='bbox 745 771 789 838; x_wconf 87' lang='lat' dir='ltr'>de</span> <span class='ocrx_word' id='word_1_54' title='bbox 812 772 902 838; x_wconf 90' lang='lat' dir='ltr'>cultu</span> <span class='ocrx_word' id='word_1_55' title='bbox 924 773 1056 838; x_wconf 91' lang='lat' dir='ltr'>deorum</span> 
     </span>
     <span class='ocr_line' id='line_1_8' title="bbox 63 858 1057 945; baseline 0.003 -23"><span class='ocrx_word' id='word_1_56' title='bbox 63 858 287 945; x_wconf 74' lang='lat' dir='ltr'><strong>inmortalium,</strong></span> <span class='ocrx_word' id='word_1_57' title='bbox 313 859 413 925; x_wconf 90' lang='lat' dir='ltr'>ullius</span> <span class='ocrx_word' id='word_1_58' title='bbox 436 882 590 944; x_wconf 89' lang='lat' dir='ltr'>umquam</span> <span class='ocrx_word' id='word_1_59' title='bbox 613 860 719 926; x_wconf 86' lang='lat' dir='ltr'>oratio</span> <span class='ocrx_word' id='word_1_60' title='bbox 743 863 800 925; x_wconf 85' lang='lat' dir='ltr'>aut</span> <span class='ocrx_word' id='word_1_61' title='bbox 823 860 909 926; x_wconf 88' lang='lat' dir='ltr'>docti</span> <span class='ocrx_word' id='word_1_62' title='bbox 932 864 989 926; x_wconf 88' lang='lat' dir='ltr'>aut</span> <span class='ocrx_word' id='word_1_63' title='bbox 1010 861 1057 925; x_wconf 91' lang='lat' dir='ltr'>in·</span> 
     </span>
     <span class='ocr_line' id='line_1_9' title="bbox 63 945 1057 1035; baseline 0.003 -25"><span class='ocrx_word' id='word_1_64' title='bbox 63 945 135 1010; x_wconf 86' lang='lat' dir='ltr'>docti</span> <span class='ocrx_word' id='word_1_65' title='bbox 157 947 313 1013; x_wconf 89' lang='lat' dir='ltr'>movebit.</span> <span class='ocrx_word' id='word_1_66' title='bbox 350 946 414 1013; x_wconf 82' lang='lat' dir='ltr'>Sed</span> <span class='ocrx_word' id='word_1_67' title='bbox 436 970 508 1014; x_wconf 89' lang='lat' dir='ltr'>cum</span> <span class='ocrx_word' id='word_1_68' title='bbox 532 949 571 1014; x_wconf 88' lang='lat' dir='ltr'>de</span> <span class='ocrx_word' id='word_1_69' title='bbox 593 948 751 1035; x_wconf 81' lang='lat' dir='ltr'>religione</span> <span class='ocrx_word' id='word_1_70' title='bbox 774 947 892 1034; x_wconf 86' lang='lat' dir='ltr'>agitur,</span> <span class='ocrx_word' id='word_1_71' title='bbox 914 947 962 1013; x_wconf 80' lang='lat' dir='ltr'>Ti.</span> <span class='ocrx_word' id='word_1_72' title='bbox 999 946 1057 1013; x_wconf 83' lang='lat' dir='ltr'>Oo-</span> 
     </span>
     <span class='ocr_line' id='line_1_10' title="bbox 63 1030 1057 1122; baseline 0.002 -22"><span class='ocrx_word' id='word_1_73' title='bbox 63 1036 252 1121; x_wconf 85' lang='lat' dir='ltr'>runcanium,</span> <span class='ocrx_word' id='word_1_74' title='bbox 289 1035 326 1102; x_wconf 91' lang='lat' dir='ltr'>P.</span> <span class='ocrx_word' id='word_1_75' title='bbox 358 1030 552 1122; x_wconf 78' lang='lat' dir='ltr'>Scipionem,</span> <span class='ocrx_word' id='word_1_76' title='bbox 581 1035 617 1102; x_wconf 92' lang='lat' dir='ltr'>P.</span> <span class='ocrx_word' id='word_1_77' title='bbox 650 1034 852 1120; x_wconf 86' lang='lat' dir='ltr'>Scaevolam,</span> <span class='ocrx_word' id='word_1_78' title='bbox 888 1036 1057 1120; x_wconf 88' lang='lat' dir='ltr'>pontifices</span> 
     </span>
     <span class='ocr_line' id='line_1_11' title="bbox 36 1122 1058 1210; baseline 0.002 -24"><span class='ocrx_word' id='word_1_79' title='bbox 36 1123 220 1209; x_wconf 82' lang='lat' dir='ltr'>nnaximos,</span> <span class='ocrx_word' id='word_1_80' title='bbox 248 1145 316 1190; x_wconf 90' lang='lat' dir='ltr'>non</span> <span class='ocrx_word' id='word_1_81' title='bbox 341 1123 503 1193; x_wconf 88' lang='lat' dir='ltr'>Zenonem</span> <span class='ocrx_word' id='word_1_82' title='bbox 531 1129 587 1190; x_wconf 90' lang='lat' dir='ltr'>aut</span> <span class='ocrx_word' id='word_1_83' title='bbox 614 1124 795 1190; x_wconf 75' lang='lat' dir='ltr'>Cleanthen</span> <span class='ocrx_word' id='word_1_84' title='bbox 822 1127 878 1190; x_wconf 90' lang='lat' dir='ltr'>aut</span> <span class='ocrx_word' id='word_1_85' title='bbox 906 1122 1058 1210; x_wconf 82' lang='lat' dir='ltr'>Chrysip·</span> 
     </span>
     <span class='ocr_line' id='line_1_12' title="bbox 63 1211 1057 1300; baseline 0 -22"><span class='ocrx_word' id='word_1_86' title='bbox 63 1233 127 1295; x_wconf 88' lang='lat' dir='ltr'>pum</span> <span class='ocrx_word' id='word_1_87' title='bbox 149 1234 270 1298; x_wconf 88' lang='lat' dir='ltr'>sequor</span> <span class='ocrx_word' id='word_1_88' title='bbox 287 1212 456 1298; x_wconf 81' lang='lat' dir='ltr'>habeoque</span> <span class='ocrx_word' id='word_1_89' title='bbox 470 1211 504 1279; x_wconf 76' lang='lat'>0.</span> <span class='ocrx_word' id='word_1_90' title='bbox 517 1213 666 1279; x_wconf 80' lang='lat' dir='ltr'>Laelium</span> <span class='ocrx_word' id='word_1_91' title='bbox 684 1235 840 1300; x_wconf 79' lang='lat' dir='ltr'>augurem</span> <span class='ocrx_word' id='word_1_92' title='bbox 859 1212 1057 1298; x_wconf 89' lang='lat' dir='ltr'>eundemque</span> 
     </span>
     <span class='ocr_line' id='line_1_13' title="bbox 63 1301 1058 1388; baseline 0.003 -24"><span class='ocrx_word' id='word_1_93' title='bbox 63 1302 239 1386; x_wconf 72' lang='lat' dir='ltr'>sapientem,</span> <span class='ocrx_word' id='word_1_94' title='bbox 265 1323 360 1386; x_wconf 92' lang='lat' dir='ltr'>quem</span> <span class='ocrx_word' id='word_1_95' title='bbox 382 1302 491 1386; x_wconf 91' lang='lat' dir='ltr'>potius</span> <span class='ocrx_word' id='word_1_96' title='bbox 515 1303 644 1368; x_wconf 90' lang='lat' dir='ltr'>audiam</span> <span class='ocrx_word' id='word_1_97' title='bbox 668 1302 826 1371; x_wconf 76' lang='lat' dir='ltr'>dicentem</span> <span class='ocrx_word' id='word_1_98' title='bbox 845 1301 883 1368; x_wconf 89' lang='lat' dir='ltr'>de</span> <span class='ocrx_word' id='word_1_99' title='bbox 900 1302 1058 1388; x_wconf 86' lang='lat' dir='ltr'>religione</span> 
     </span>
     <span class='ocr_line' id='line_1_14' title="bbox 64 1386 1082 1478; baseline 0.004 -27"><span class='ocrx_word' id='word_1_100' title='bbox 64 1386 91 1451; x_wconf 91' lang='lat' dir='ltr'>in</span> <span class='ocrx_word' id='word_1_101' title='bbox 117 1389 174 1456; x_wconf 90' lang='lat' dir='ltr'>illa</span> <span class='ocrx_word' id='word_1_102' title='bbox 207 1390 357 1456; x_wconf 89' lang='lat' dir='ltr'>oratione</span> <span class='ocrx_word' id='word_1_103' title='bbox 387 1390 492 1456; x_wconf 89' lang='lat' dir='ltr'>nobili</span> <span class='ocrx_word' id='word_1_104' title='bbox 524 1413 620 1474; x_wconf 89' lang='lat' dir='ltr'>quam</span> <span class='ocrx_word' id='word_1_105' title='bbox 653 1413 848 1476; x_wconf 90' lang='lat' dir='ltr'>quemquam</span> <span class='ocrx_word' id='word_1_106' title='bbox 878 1391 1082 1478; x_wconf 81' lang='lat' dir='ltr'>principem¹</span> 
     </span>
     <span class='ocr_line' id='line_1_15' title="bbox 64 1471 1059 1564; baseline 0.006 -26"><span class='ocrx_word' id='word_1_107' title='bbox 64 1471 242 1545; x_wconf 81' lang='lat' dir='ltr'>Stoicorum.</span> <span class='ocrx_word' id='word_1_108' title='bbox 289 1475 433 1562; x_wconf 78' lang='lat' dir='ltr'>Cumque</span> <span class='ocrx_word' id='word_1_109' title='bbox 461 1479 565 1544; x_wconf 90' lang='lat' dir='ltr'>omnis</span> <span class='ocrx_word' id='word_1_110' title='bbox 588 1480 702 1564; x_wconf 90' lang='lat' dir='ltr'>populi</span> <span class='ocrx_word' id='word_1_111' title='bbox 723 1479 863 1546; x_wconf 89' lang='lat' dir='ltr'>Romani</span> <span class='ocrx_word' id='word_1_112' title='bbox 885 1480 1001 1564; x_wconf 91' lang='lat' dir='ltr'>religio</span> <span class='ocrx_word' id='word_1_113' title='bbox 1023 1480 1059 1544; x_wconf 90' lang='lat' dir='ltr'>in</span> 
     </span>
     <span class='ocr_line' id='line_1_16' title="bbox 37 1566 1058 1651; baseline 0.004 -25"><span class='ocrx_word' id='word_1_114' title='bbox 37 1579 141 1630; x_wconf 75' lang='lat' dir='ltr'>oraora</span> <span class='ocrx_word' id='word_1_115' title='bbox 161 1570 196 1632; x_wconf 92' lang='lat' dir='ltr'>et</span> <span class='ocrx_word' id='word_1_116' title='bbox 219 1567 257 1633; x_wconf 90' lang='lat' dir='ltr'>in</span> <span class='ocrx_word' id='word_1_117' title='bbox 279 1566 423 1650; x_wconf 87' lang='lat' dir='ltr'>auspicia</span> <span class='ocrx_word' id='word_1_118' title='bbox 447 1566 550 1636; x_wconf 86' lang='lat' dir='ltr'>divisa</span> <span class='ocrx_word' id='word_1_119' title='bbox 573 1567 625 1651; x_wconf 91' lang='lat' dir='ltr'>sit,</span> <span class='ocrx_word' id='word_1_120' title='bbox 647 1567 782 1633; x_wconf 89' lang='lat' dir='ltr'>tertium</span> <span class='ocrx_word' id='word_1_121' title='bbox 801 1566 987 1632; x_wconf 86' lang='lat' dir='ltr'>adiunctum</span> <span class='ocrx_word' id='word_1_122' title='bbox 1005 1568 1058 1650; x_wconf 88' lang='lat' dir='ltr'>sit,</span> 
     </span>
     <span class='ocr_line' id='line_1_17' title="bbox 64 1652 1058 1740; baseline 0.004 -26"><span class='ocrx_word' id='word_1_123' title='bbox 64 1652 181 1737; x_wconf 87' lang='lat' dir='ltr'>siquid</span> <span class='ocrx_word' id='word_1_124' title='bbox 209 1655 441 1740; x_wconf 79' lang='lat' dir='ltr'>praedictionis</span> <span class='ocrx_word' id='word_1_125' title='bbox 469 1676 566 1721; x_wconf 88' lang='lat' dir='ltr'>causa</span> <span class='ocrx_word' id='word_1_126' title='bbox 593 1675 632 1719; x_wconf 84' lang='lat' dir='ltr'>ex</span> <span class='ocrx_word' id='word_1_127' title='bbox 658 1654 818 1739; x_wconf 78' lang='lat' dir='ltr'>portentis</span> <span class='ocrx_word' id='word_1_128' title='bbox 847 1658 880 1718; x_wconf 92' lang='lat' dir='ltr'>et</span> <span class='ocrx_word' id='word_1_129' title='bbox 902 1654 1058 1719; x_wconf 86' lang='lat' dir='ltr'>monstris</span> 
     </span>
     <span class='ocr_line' id='line_1_18' title="bbox 63 1737 1058 1828; baseline 0.004 -26"><span class='ocrx_word' id='word_1_130' title='bbox 63 1737 192 1825; x_wconf 80' lang='lat' dir='ltr'>Sibyllae</span> <span class='ocrx_word' id='word_1_131' title='bbox 225 1743 421 1828; x_wconf 88' lang='lat' dir='ltr'>interpretes</span> <span class='ocrx_word' id='word_1_132' title='bbox 450 1741 677 1828; x_wconf 85' lang='lat' dir='ltr'>haruspicesve</span> <span class='ocrx_word' id='word_1_133' title='bbox 704 1745 910 1825; x_wconf 90' lang='lat' dir='ltr'>monuerunt,</span> <span class='ocrx_word' id='word_1_134' title='bbox 942 1741 1058 1806; x_wconf 89' lang='lat' dir='ltr'>harum</span> 
     </span>
     <span class='ocr_line' id='line_1_19' title="bbox 64 1829 1059 1917; baseline 0.004 -27"><span class='ocrx_word' id='word_1_135' title='bbox 64 1847 113 1913; x_wconf 90' lang='lat' dir='ltr'>ego</span> <span class='ocrx_word' id='word_1_136' title='bbox 129 1831 328 1917; x_wconf 86' lang='lat' dir='ltr'>religionum</span> <span class='ocrx_word' id='word_1_137' title='bbox 346 1831 470 1896; x_wconf 89' lang='lat' dir='ltr'>nullam</span> <span class='ocrx_word' id='word_1_138' title='bbox 487 1852 642 1915; x_wconf 88' lang='lat' dir='ltr'>umquam</span> <span class='ocrx_word' id='word_1_139' title='bbox 660 1829 928 1896; x_wconf 86' lang='lat' dir='ltr'>contemnendam</span> <span class='ocrx_word' id='word_1_140' title='bbox 945 1830 1059 1914; x_wconf 85' lang='lat' dir='ltr'>putavi</span> 
     </span>
     <span class='ocr_line' id='line_1_20' title="bbox 64 1916 1060 2004; baseline 0.003 -25"><span class='ocrx_word' id='word_1_141' title='bbox 64 1917 193 2003; x_wconf 88' lang='lat' dir='ltr'>mihique</span> <span class='ocrx_word' id='word_1_142' title='bbox 217 1919 267 1984; x_wconf 90' lang='lat' dir='ltr'>ita</span> <span class='ocrx_word' id='word_1_143' title='bbox 289 1919 444 2004; x_wconf 88' lang='lat' dir='ltr'>persuasi,</span> <span class='ocrx_word' id='word_1_144' title='bbox 466 1918 643 1984; x_wconf 86' lang='lat' dir='ltr'>Romulum</span> <span class='ocrx_word' id='word_1_145' title='bbox 662 1918 823 2004; x_wconf 88' lang='lat' dir='ltr'>auspiciis,</span> <span class='ocrx_word' id='word_1_146' title='bbox 845 1916 987 1984; x_wconf 90' lang='lat' dir='ltr'>Numam</span> <span class='ocrx_word' id='word_1_147' title='bbox 1011 1939 1060 1982; x_wconf 89' lang='lat' dir='ltr'>sa-</span> 
     </span>
     <span class='ocr_line' id='line_1_21' title="bbox 38 2005 1060 2092; baseline 0.005 -25"><span class='ocrx_word' id='word_1_148' title='bbox 38 2005 115 2069; x_wconf 72' lang='lat' dir='ltr'>neas</span> <span class='ocrx_word' id='word_1_149' title='bbox 145 2006 336 2073; x_wconf 84' lang='lat' dir='ltr'>constitutis</span> <span class='ocrx_word' id='word_1_150' title='bbox 366 2008 578 2074; x_wconf 82' lang='lat' dir='ltr'>fundamenta</span> <span class='ocrx_word' id='word_1_151' title='bbox 605 2007 719 2072; x_wconf 86' lang='lat' dir='ltr'>iecisse</span> <span class='ocrx_word' id='word_1_152' title='bbox 747 2011 880 2072; x_wconf 85' lang='lat' dir='ltr'>nostrae</span> <span class='ocrx_word' id='word_1_153' title='bbox 907 2005 1060 2092; x_wconf 68' lang='lat' dir='ltr'>civitatis</span> 
     </span>
     <span class='ocr_line' id='line_1_22' title="bbox 65 2095 1059 2181; baseline 0.003 -24"><span class='ocrx_word' id='word_1_154' title='bbox 65 2113 133 2174; x_wconf 88' lang='lat' dir='ltr'>quae</span> <span class='ocrx_word' id='word_1_155' title='bbox 160 2116 340 2180; x_wconf 88' lang='lat' dir='ltr'>numquam</span> <span class='ocrx_word' id='word_1_156' title='bbox 367 2095 514 2181; x_wconf 87' lang='lat' dir='ltr'>profecto</span> <span class='ocrx_word' id='word_1_157' title='bbox 540 2095 609 2161; x_wconf 93' lang='lat' dir='ltr'>sine</span> <span class='ocrx_word' id='word_1_158' title='bbox 631 2116 759 2162; x_wconf 88' lang='lat' dir='ltr'>summa</span> <span class='ocrx_word' id='word_1_159' title='bbox 780 2095 963 2179; x_wconf 88' lang='lat' dir='ltr'>placatione</span> <span class='ocrx_word' id='word_1_160' title='bbox 987 2095 1059 2160; x_wconf 91' lang='lat' dir='ltr'>deo-</span> 
     </span>
     <span class='ocr_line' id='line_1_23' title="bbox 64 2181 1094 2269; baseline 0.003 -23"><span class='ocrx_word' id='word_1_161' title='bbox 64 2201 124 2246; x_wconf 86' lang='lat' dir='ltr'>rum</span> <span class='ocrx_word' id='word_1_162' title='bbox 144 2183 369 2250; x_wconf 84' lang='lat' dir='ltr'>inmortalium</span> <span class='ocrx_word' id='word_1_163' title='bbox 393 2187 488 2249; x_wconf 88' lang='lat' dir='ltr'>tanta</span> <span class='ocrx_word' id='word_1_164' title='bbox 509 2204 580 2250; x_wconf 91' lang='lat' dir='ltr'>esse</span> <span class='ocrx_word' id='word_1_165' title='bbox 598 2183 767 2268; x_wconf 89' lang='lat' dir='ltr'>potuisset.</span> <span class='ocrx_word' id='word_1_166' title='bbox 803 2181 924 2268; x_wconf 88' lang='lat' dir='ltr'>Habes,</span> <span class='ocrx_word' id='word_1_167' title='bbox 947 2181 1059 2269; x_wconf 90' lang='lat' dir='ltr'>Balbe,</span> <span class='ocrx_word' id='word_1_168' title='bbox 1079 2193 1094 2242; x_wconf 83' lang='grc'><strong>6</strong></span> 
     </span>
     <span class='ocr_line' id='line_1_24' title="bbox 65 2268 1060 2357; baseline 0.001 -23"><span class='ocrx_word' id='word_1_169' title='bbox 65 2268 129 2351; x_wconf 88' lang='lat' dir='ltr'>qnid</span> <span class='ocrx_word' id='word_1_170' title='bbox 146 2269 256 2355; x_wconf 79' lang='lat' dir='ltr'>Cotta,</span> <span class='ocrx_word' id='word_1_171' title='bbox 280 2271 357 2355; x_wconf 93' lang='lat' dir='ltr'>quid</span> <span class='ocrx_word' id='word_1_172' title='bbox 378 2271 525 2356; x_wconf 86' lang='lat' dir='ltr'>pontifex</span> <span class='ocrx_word' id='word_1_173' title='bbox 548 2272 681 2356; x_wconf 72' lang='lat' dir='ltr'>sentiat,</span> <span class='ocrx_word' id='word_1_174' title='bbox 703 2271 755 2337; x_wconf 85' lang='lat' dir='ltr'>fac</span> <span class='ocrx_word' id='word_1_175' title='bbox 776 2292 861 2338; x_wconf 89' lang='lat' dir='ltr'>nunc</span> <span class='ocrx_word' id='word_1_176' title='bbox 884 2292 944 2357; x_wconf 87' lang='lat' dir='ltr'>ego</span> <span class='ocrx_word' id='word_1_177' title='bbox 968 2272 1060 2336; x_wconf 92' lang='lat' dir='ltr'>intel-</span> 
     </span>
     <span class='ocr_line' id='line_1_25' title="bbox 66 2354 1061 2444; baseline 0.006 -26"><span class='ocrx_word' id='word_1_178' title='bbox 66 2354 175 2443; x_wconf 90' lang='lat' dir='ltr'>legam,</span> <span class='ocrx_word' id='word_1_179' title='bbox 197 2363 237 2425; x_wconf 87' lang='lat' dir='ltr'>tu</span> <span class='ocrx_word' id='word_1_180' title='bbox 261 2359 337 2444; x_wconf 94' lang='lat' dir='ltr'>quid</span> <span class='ocrx_word' id='word_1_181' title='bbox 360 2360 490 2426; x_wconf 89' lang='lat' dir='ltr'>sentias.</span> <span class='ocrx_word' id='word_1_182' title='bbox 527 2357 613 2424; x_wconf 89' lang='lat' dir='ltr'>Ate</span> <span class='ocrx_word' id='word_1_183' title='bbox 635 2359 721 2425; x_wconf 91' lang='lat' dir='ltr'>enim</span> <span class='ocrx_word' id='word_1_184' title='bbox 743 2359 940 2444; x_wconf 91' lang='lat' dir='ltr'>philosopho</span> <span class='ocrx_word' id='word_1_185' title='bbox 963 2359 1061 2424; x_wconf 91' lang='lat' dir='ltr'>ratio-</span> 
     </span>
     <span class='ocr_line' id='line_1_26' title="bbox 38 2446 1060 2532; baseline 0.004 -25"><span class='ocrx_word' id='word_1_186' title='bbox 38 2456 127 2510; x_wconf 65' lang='lat' dir='ltr'>tnem</span> <span class='ocrx_word' id='word_1_187' title='bbox 146 2447 292 2532; x_wconf 87' lang='lat' dir='ltr'>accipere</span> <span class='ocrx_word' id='word_1_188' title='bbox 311 2447 411 2512; x_wconf 88' lang='lat' dir='ltr'>debeo</span> <span class='ocrx_word' id='word_1_189' title='bbox 430 2446 607 2532; x_wconf 86' lang='lat' dir='ltr'>religionis,</span> <span class='ocrx_word' id='word_1_190' title='bbox 625 2446 802 2512; x_wconf 90' lang='lat' dir='ltr'>maioribus</span> <span class='ocrx_word' id='word_1_191' title='bbox 816 2451 925 2511; x_wconf 87' lang='lat' dir='ltr'>autem</span> <span class='ocrx_word' id='word_1_192' title='bbox 938 2446 1060 2511; x_wconf 89' lang='lat' dir='ltr'>nostris</span> 
     </span>
     <span class='ocr_line' id='line_1_27' title="bbox 67 2531 1100 2602; baseline 0.005 -8"><span class='ocrx_word' id='word_1_193' title='bbox 67 2533 152 2600; x_wconf 90' lang='lat' dir='ltr'>etiam</span> <span class='ocrx_word' id='word_1_194' title='bbox 183 2536 278 2602; x_wconf 88' lang='lat' dir='ltr'>nulla</span> <span class='ocrx_word' id='word_1_195' title='bbox 308 2535 434 2601; x_wconf 90' lang='lat' dir='ltr'>ratione</span> <span class='ocrx_word' id='word_1_196' title='bbox 465 2535 592 2600; x_wconf 90' lang='lat' dir='ltr'>reddita</span> <span class='ocrx_word' id='word_1_197' title='bbox 623 2535 758 2601; x_wconf 89' lang='lat' dir='ltr'>credere.</span> <span class='ocrx_word' id='word_1_198' title='bbox 809 2533 891 2599; x_wconf 79' lang='lat' dir='ltr'>Tum</span> <span class='ocrx_word' id='word_1_199' title='bbox 922 2531 1100 2598; x_wconf 72' lang='lat' dir='ltr'>Balbuszd</span> 
     </span>
     <span class='ocr_line' id='line_1_28' title="bbox 67 2618 1060 2709; baseline -0.007 -16"><span class='ocrx_word' id='word_1_200' title='bbox 67 2618 157 2693; x_wconf 81' lang='lat' dir='ltr'>Quam</span> <span class='ocrx_word' id='word_1_201' title='bbox 179 2624 282 2709; x_wconf 86' lang='lat' dir='ltr'>igitur</span> <span class='ocrx_word' id='word_1_202' title='bbox 305 2645 324 2688; x_wconf 89' lang='lat' dir='ltr'>a</span> <span class='ocrx_word' id='word_1_203' title='bbox 346 2646 398 2690; x_wconf 91' lang='lat' dir='ltr'>me</span> <span class='ocrx_word' id='word_1_204' title='bbox 415 2623 585 2707; x_wconf 90' lang='lat' dir='ltr'>rationem,</span> <span class='ocrx_word' id='word_1_205' title='bbox 608 2623 722 2707; x_wconf 90' lang='lat' dir='ltr'>inquit,</span> <span class='ocrx_word' id='word_1_206' title='bbox 745 2618 852 2705; x_wconf 79' lang='lat' dir='ltr'>Cotta,</span> <span class='ocrx_word' id='word_1_207' title='bbox 876 2620 1060 2686; x_wconf 82' lang='lat' dir='ltr'>desideras?</span> 
     </span>
     <span class='ocr_line' id='line_1_29' title="bbox 66 2704 1062 2797; baseline 0.002 -26"><span class='ocrx_word' id='word_1_208' title='bbox 66 2704 186 2776; x_wconf 77' lang='lat' dir='ltr'>lle-ille:</span> <span class='ocrx_word' id='word_1_209' title='bbox 210 2710 461 2797; x_wconf 78' lang='lat' dir='ltr'>Quadripertita,</span> <span class='ocrx_word' id='word_1_210' title='bbox 483 2712 599 2796; x_wconf 90' lang='lat' dir='ltr'>inquit,</span> <span class='ocrx_word' id='word_1_211' title='bbox 621 2711 684 2776; x_wconf 86' lang='lat' dir='ltr'>fuit</span> <span class='ocrx_word' id='word_1_212' title='bbox 703 2709 817 2774; x_wconf 84' lang='lat' dir='ltr'>divisio</span> <span class='ocrx_word' id='word_1_213' title='bbox 836 2713 902 2792; x_wconf 89' lang='lat' dir='ltr'>tua,</span> <span class='ocrx_word' id='word_1_214' title='bbox 920 2707 1062 2794; x_wconf 89' lang='lat' dir='ltr'>primum</span> 
     </span>
     <span class='ocr_line' id='line_1_30' title="bbox 69 2797 1061 2885; baseline 0.007 -27"><span class='ocrx_word' id='word_1_215' title='bbox 69 2800 98 2859; x_wconf 92' lang='lat' dir='ltr'>ut</span> <span class='ocrx_word' id='word_1_216' title='bbox 117 2800 216 2866; x_wconf 81' lang='lat' dir='ltr'>velles</span> <span class='ocrx_word' id='word_1_217' title='bbox 240 2800 353 2866; x_wconf 87' lang='lat' dir='ltr'>docere</span> <span class='ocrx_word' id='word_1_218' title='bbox 376 2800 452 2866; x_wconf 91' lang='lat' dir='ltr'>deos</span> <span class='ocrx_word' id='word_1_219' title='bbox 476 2822 555 2885; x_wconf 89' lang='lat' dir='ltr'>esse,</span> <span class='ocrx_word' id='word_1_220' title='bbox 579 2799 692 2865; x_wconf 90' lang='lat' dir='ltr'>deinde</span> <span class='ocrx_word' id='word_1_221' title='bbox 715 2797 827 2882; x_wconf 89' lang='lat' dir='ltr'>quales</span> <span class='ocrx_word' id='word_1_222' title='bbox 851 2801 968 2881; x_wconf 90' lang='lat' dir='ltr'>essent,</span> <span class='ocrx_word' id='word_1_223' title='bbox 991 2801 1061 2864; x_wconf 91' lang='lat' dir='ltr'>tum</span> 
     </span>
     <span class='ocr_line' id='line_1_31' title="bbox 40 2883 1061 2975; baseline 0.003 -26"><span class='ocrx_word' id='word_1_224' title='bbox 40 2883 102 2948; x_wconf 71' lang='lat' dir='ltr'>aab</span> <span class='ocrx_word' id='word_1_225' title='bbox 129 2887 169 2952; x_wconf 89' lang='lat' dir='ltr'>iis</span> <span class='ocrx_word' id='word_1_226' title='bbox 197 2889 353 2954; x_wconf 90' lang='lat' dir='ltr'>mundum</span> <span class='ocrx_word' id='word_1_227' title='bbox 379 2888 462 2974; x_wconf 84' lang='lat' dir='ltr'>regi,</span> <span class='ocrx_word' id='word_1_228' title='bbox 495 2891 661 2975; x_wconf 90' lang='lat' dir='ltr'>postremo</span> <span class='ocrx_word' id='word_1_229' title='bbox 688 2885 854 2952; x_wconf 88' lang='lat' dir='ltr'>consulere</span> <span class='ocrx_word' id='word_1_230' title='bbox 882 2907 937 2954; x_wconf 90' lang='lat' dir='ltr'>eos</span> <span class='ocrx_word' id='word_1_231' title='bbox 964 2888 1061 2953; x_wconf 87' lang='lat' dir='ltr'>rebus</span> 
     </span>
     <span class='ocr_line' id='line_1_32' title="bbox 68 2969 1062 3061; baseline 0.005 -26"><span class='ocrx_word' id='word_1_232' title='bbox 68 2969 226 3043; x_wconf 81' lang='lat' dir='ltr'>humenis·</span> <span class='ocrx_word' id='word_1_233' title='bbox 250 2975 349 3061; x_wconf 89' lang='lat' dir='ltr'>Haec,</span> <span class='ocrx_word' id='word_1_234' title='bbox 368 2977 500 3042; x_wconf 89' lang='lat' dir='ltr'>sirecte</span> <span class='ocrx_word' id='word_1_235' title='bbox 518 2975 660 3060; x_wconf 90' lang='lat' dir='ltr'>memini,</span> <span class='ocrx_word' id='word_1_236' title='bbox 677 2973 813 3061; x_wconf 89' lang='lat' dir='ltr'>partitio</span> <span class='ocrx_word' id='word_1_237' title='bbox 831 2974 903 3041; x_wconf 81' lang='lat' dir='ltr'>fuit.</span> <span class='ocrx_word' id='word_1_238' title='bbox 939 2975 1062 3043; x_wconf 88' lang='lat' dir='ltr'>Rectis-</span> 
     </span>
     <span class='ocr_line' id='line_1_33' title="bbox 69 3063 964 3149; baseline 0.002 -23"><span class='ocrx_word' id='word_1_239' title='bbox 69 3079 156 3148; x_wconf 82' lang='lat' dir='ltr'>sume,</span> <span class='ocrx_word' id='word_1_240' title='bbox 177 3065 284 3149; x_wconf 90' lang='lat' dir='ltr'>inquit</span> <span class='ocrx_word' id='word_1_241' title='bbox 306 3063 442 3149; x_wconf 71' lang='lat' dir='ltr'>Balbus,</span> <span class='ocrx_word' id='word_1_242' title='bbox 466 3065 522 3130; x_wconf 90' lang='lat' dir='ltr'>sed</span> <span class='ocrx_word' id='word_1_243' title='bbox 545 3067 687 3149; x_wconf 88' lang='lat' dir='ltr'>expecto,</span> <span class='ocrx_word' id='word_1_244' title='bbox 711 3063 787 3147; x_wconf 90' lang='lat' dir='ltr'>quid</span> <span class='ocrx_word' id='word_1_245' title='bbox 809 3064 964 3149; x_wconf 90' lang='lat' dir='ltr'>requiras.</span> 
     </span>
     <span class='ocr_line' id='line_1_34' title="bbox 124 3151 1097 3238; baseline -0.007 -20"><span class='ocrx_word' id='word_1_246' title='bbox 124 3151 206 3218; x_wconf 76' lang='lat' dir='ltr'>Tum</span> <span class='ocrx_word' id='word_1_247' title='bbox 224 3151 335 3220; x_wconf 77' lang='lat' dir='ltr'>Cotta:</span> <span class='ocrx_word' id='word_1_248' title='bbox 357 3154 503 3219; x_wconf 90' lang='lat' dir='ltr'>Primum</span> <span class='ocrx_word' id='word_1_249' title='bbox 521 3153 661 3238; x_wconf 89' lang='lat' dir='ltr'>quidque</span> <span class='ocrx_word' id='word_1_250' title='bbox 679 3152 853 3237; x_wconf 88' lang='lat' dir='ltr'>videamus,</span> <span class='ocrx_word' id='word_1_251' title='bbox 877 3151 998 3236; x_wconf 76' lang='lat' dir='ltr'>inquit3</span> <span class='ocrx_word' id='word_1_252' title='bbox 1021 3153 1063 3234; x_wconf 91' lang='lat' dir='ltr'>et,</span> <span class='ocrx_word' id='word_1_253' title='bbox 1082 3161 1097 3210; x_wconf 81' lang='lat'>&#39;1</span> 
     </span>
    </p>
   </div>
   <div class='ocr_carea' id='block_1_3' title="bbox 43 3236 1065 3591">
    <p class='ocr_par' dir='ltr' id='par_1_3' title="bbox 43 3236 1065 3591">
     <span class='ocr_line' id='line_1_35' title="bbox 70 3236 1063 3333; baseline -0.002 -28"><span class='ocrx_word' id='word_1_254' title='bbox 70 3236 93 3333; x_wconf 63' lang='lat' dir='ltr'>§i</span> <span class='ocrx_word' id='word_1_255' title='bbox 119 3239 152 3305; x_wconf 92' lang='lat' dir='ltr'>id</span> <span class='ocrx_word' id='word_1_256' title='bbox 182 3245 231 3306; x_wconf 90' lang='lat' dir='ltr'>est</span> <span class='ocrx_word' id='word_1_257' title='bbox 258 3242 411 3327; x_wconf 91' lang='lat' dir='ltr'>primum,</span> <span class='ocrx_word' id='word_1_258' title='bbox 445 3241 530 3325; x_wconf 88' lang='lat' dir='ltr'>quod</span> <span class='ocrx_word' id='word_1_259' title='bbox 555 3241 641 3306; x_wconf 90' lang='lat' dir='ltr'>inter</span> <span class='ocrx_word' id='word_1_260' title='bbox 668 3241 773 3308; x_wconf 89' lang='lat' dir='ltr'>omnis</span> <span class='ocrx_word' id='word_1_261' title='bbox 799 3241 864 3304; x_wconf 90' lang='lat' dir='ltr'>nisi</span> <span class='ocrx_word' id='word_1_262' title='bbox 890 3237 1063 3303; x_wconf 89' lang='lat' dir='ltr'>admodum</span> 
     </span>
     <span class='ocr_line' id='line_1_36' title="bbox 43 3325 1064 3415; baseline 0.002 -27"><span class='ocrx_word' id='word_1_263' title='bbox 43 3327 176 3411; x_wconf 67' lang='lat' dir='ltr'>simplos</span> <span class='ocrx_word' id='word_1_264' title='bbox 207 3331 369 3415; x_wconf 86' lang='lat' dir='ltr'>convenit,</span> <span class='ocrx_word' id='word_1_265' title='bbox 401 3329 482 3396; x_wconf 91' lang='lat' dir='ltr'>mihi</span> <span class='ocrx_word' id='word_1_266' title='bbox 510 3329 638 3414; x_wconf 89' lang='lat' dir='ltr'>quidem</span> <span class='ocrx_word' id='word_1_267' title='bbox 666 3351 705 3394; x_wconf 87' lang='lat' dir='ltr'>ex</span> <span class='ocrx_word' id='word_1_268' title='bbox 732 3328 841 3395; x_wconf 88' lang='lat' dir='ltr'>animo</span> <span class='ocrx_word' id='word_1_269' title='bbox 869 3325 975 3390; x_wconf 85' lang='lat' dir='ltr'>excuti</span> <span class='ocrx_word' id='word_1_270' title='bbox 997 3345 1064 3390; x_wconf 90' lang='lat' dir='ltr'>non</span> 
     </span>
     <span class='ocr_line' id='line_1_37' title="bbox 71 3411 1064 3503; baseline 0.001 -27"><span class='ocrx_word' id='word_1_271' title='bbox 71 3418 181 3501; x_wconf 91' lang='lat' dir='ltr'>potest,</span> <span class='ocrx_word' id='word_1_272' title='bbox 210 3440 279 3484; x_wconf 88' lang='lat' dir='ltr'>esse</span> <span class='ocrx_word' id='word_1_273' title='bbox 309 3419 399 3503; x_wconf 89' lang='lat' dir='ltr'>deos,</span> <span class='ocrx_word' id='word_1_274' title='bbox 428 3418 462 3482; x_wconf 93' lang='lat' dir='ltr'>id</span> <span class='ocrx_word' id='word_1_275' title='bbox 491 3421 602 3483; x_wconf 90' lang='lat' dir='ltr'>tamen</span> <span class='ocrx_word' id='word_1_276' title='bbox 627 3416 748 3502; x_wconf 91' lang='lat' dir='ltr'>ipsum,</span> <span class='ocrx_word' id='word_1_277' title='bbox 778 3413 864 3497; x_wconf 91' lang='lat' dir='ltr'>quod</span> <span class='ocrx_word' id='word_1_278' title='bbox 891 3411 972 3480; x_wconf 89' lang='lat' dir='ltr'>mihi</span> <span class='ocrx_word' id='word_1_279' title='bbox 994 3433 1064 3498; x_wconf 90' lang='lat' dir='ltr'>per·</span> 
     </span>
     <span class='ocr_line' id='line_1_38' title="bbox 73 3500 1065 3591; baseline -0.003 -24"><span class='ocrx_word' id='word_1_280' title='bbox 73 3517 189 3570; x_wconf 69' lang='lat' dir='ltr'>suasum</span> <span class='ocrx_word' id='word_1_281' title='bbox 212 3511 262 3572; x_wconf 92' lang='lat' dir='ltr'>est</span> <span class='ocrx_word' id='word_1_282' title='bbox 284 3507 478 3573; x_wconf 90' lang='lat' dir='ltr'>auctoritate</span> <span class='ocrx_word' id='word_1_283' title='bbox 501 3505 674 3591; x_wconf 89' lang='lat' dir='ltr'>maiorum,</span> <span class='ocrx_word' id='word_1_284' title='bbox 697 3524 754 3569; x_wconf 90' lang='lat' dir='ltr'>cur</span> <span class='ocrx_word' id='word_1_285' title='bbox 775 3502 824 3566; x_wconf 90' lang='lat' dir='ltr'>ita</span> <span class='ocrx_word' id='word_1_286' title='bbox 846 3500 899 3588; x_wconf 90' lang='lat' dir='ltr'>sit,</span> <span class='ocrx_word' id='word_1_287' title='bbox 921 3500 1004 3566; x_wconf 89' lang='lat' dir='ltr'>nihil</span> <span class='ocrx_word' id='word_1_288' title='bbox 1026 3504 1065 3564; x_wconf 85' lang='lat' dir='ltr'>tu</span> 
     </span>
    </p>
   </div>
   <div class='ocr_carea' id='block_1_4' title="bbox 0 0 1238 3934">
    <p class='ocr_par' dir='ltr' id='par_1_4' title="bbox 0 0 1238 3934">
     <span class='ocr_line' id='line_1_39' title="bbox 0 0 1238 3934; baseline 0 0"><span class='ocrx_word' id='word_1_289' title='bbox 0 0 1238 3934; x_wconf 95' lang='lat' dir='ltr'> </span> 
     </span>
    </p>
   </div>
  </div>
 </body>
</html>
