2510 3936
141 133 208 198 444
536 93 758 187 nemereus

143 299 181 343 ea
202 275 377 342 infundunt
398 275 434 340 in
453 275 632 360 civitatem,
653 295 759 359 neque
781 270 888 340 selum
910 274 1043 357 obeunt,
1067 273 1167 358 qnod

142 366 207 452 ipsi
229 367 487 449 corrumpuntur,
509 364 566 430 sed
588 363 689 429 etiam
712 362 798 448 quod
820 366 1044 448 corrumpunt,
1064 363 1168 447 plue-

143 475 205 538 que
231 453 379 538 exemplo
408 473 506 537 quam
532 455 664 538 peccato
692 454 817 518 nocent.
862 450 972 535 Atque
994 451 1079 515 haec
1105 451 1167 514 lex

144 542 282 607 dilatata
307 541 343 605 in
369 541 515 608 ordinem
541 544 692 606 cunctum
719 539 929 626 coangustari
956 538 1060 603 etiarn
1082 542 1168 623 pot-

146 633 209 713 est,
225 629 322 714 pauci
340 629 426 694 enim
445 631 544 713 atque
561 628 736 694 admodum
752 628 847 713 pauci
860 627 984 693 honore
996 631 1034 692 et
1047 627 1192 712 glories

147 717 337 803 amplificati
362 717 415 783 rel
442 737 647 801 eorrumpere
674 737 781 782 mores
808 716 952 781 civitatis
979 715 1034 780 vel
1057 714 1165 780 corri-

145 826 220 892 gere
241 810 389 892 possunt.
421 801 488 870 &sad
509 805 590 871 haec
613 808 645 871 et
664 825 750 870 nunc
769 803 850 868 ratis
867 807 902 869 et
919 803 1042 868 inillis
1060 803 1163 867 libris

144 897 288 959 tractata
310 897 386 959 eunt
409 894 607 980 diligentius.
639 891 750 968 Quare
773 892 814 957 ad
830 892 957 976 reliqua
974 891 1163 957 veniamus.

92 948 136 1076 ἐξ
210 982 399 1048 Proximum
417 986 526 1048 autem
545 985 596 1046 est
614 980 653 1046 de
672 980 845 1066 suffragiis,
863 1002 946 1064 quae
961 981 1061 1045 iubeo
1074 985 1163 1045 nota

145 1091 216 1136 esse
243 1071 471 1157 optimatibus,
500 1071 622 1155 populo
645 1069 759 1135 libera.
794 1070 870 1135 Arr.
893 1067 947 1132 Ita
969 1068 1162 1134 mehercule
1176 1086 1201 1125 1⁰

145 1158 270 1224 attendi
286 1181 345 1226 nee
364 1159 445 1224 satis
463 1159 619 1243 intellexi,
637 1158 715 1241 quid
733 1157 796 1222 sibi
814 1158 867 1222 lex
886 1161 943 1222 aut
962 1157 1041 1240 quid
1055 1157 1162 1222 verba

144 1249 209 1312 ista
231 1247 363 1312 uellent.
402 1247 451 1312 M.
473 1245 597 1334 Dicam,
620 1241 703 1330 Tite,
726 1250 759 1310 et
780 1245 936 1311 versabor
956 1246 993 1309 in
1015 1266 1053 1310 re
1074 1244 1161 1308 ciffi

145 1335 200 1400 cili
228 1356 265 1400 ac
285 1335 428 1398 multum
451 1338 485 1399 et
506 1355 604 1420 scope
627 1335 788 1418 quaesita,
815 1333 973 1419 suffragia
993 1333 1030 1398 in
1052 1333 1160 1418 magi-

144 1424 252 1488 stratu
279 1421 462 1488 mandando
486 1443 523 1488 ac
540 1422 585 1486 'de
606 1444 663 1488 reo
685 1422 856 1488 iudicando
879 1423 1099 1506 carceratoque
1123 1422 1159 1485 in

145 1513 218 1599 lege
241 1515 298 1577 aut
320 1511 490 1597 rogatione
507 1511 597 1576 ⁴clam
621 1532 664 1576 an
685 1512 796 1596 palam
817 1509 897 1575 ferri
919 1509 1036 1575 melius
1061 1513 1159 1575 esset.
1172 1525 1198 1566 1⁵
1247 1557 1248 1576 1

148 1600 182 1680 Q.
205 1599 259 1666 An
286 1600 384 1666 ctiam
410 1599 445 1664 id
468 1599 602 1664 dubium
619 1601 697 1664 est?
724 1619 850 1681 vereor,
874 1619 919 1663 ne
942 1621 962 1664 a
983 1602 1018 1664 te
1039 1619 1157 1663 rursus

147 1688 345 1754 dissentiam.
377 1687 426 1754 M.
449 1685 525 1752 Non
547 1686 656 1772 facies,
678 1686 805 1763 Quinte.
841 1685 929 1752 Nam
952 1707 1014 1772 ego
1036 1687 1073 1750 in
1090 1687 1158 1751 ista
1247 1695 1248 1750 ζ

147 1798 219 1842 sum
252 1776 425 1858 sententia,
458 1780 581 1860 quate
612 1775 713 1840 fuisse
742 1797 869 1860 semper
897 1775 977 1858 scio,
1004 1774 1091 1840 nihil
1119 1778 1157 1839 ut

146 1865 245 1930 fuerit
276 1865 311 1930 iu
338 1863 501 1950 suffragiis
526 1883 606 1930 uoce
635 1864 766 1948 melius3
798 1865 854 1928 sed
882 1863 1026 1928 obtineri
1051 1883 1092 1928 ne
1120 1883 1157 1928 ea
1247 1879 1248 1886 ¹

94 1968 128 2018 34
146 1973 209 2019 noc
227 1953 364 2040 possint,
385 1953 558 2018 videndum
576 1956 634 2018 est.
672 1952 707 2032 Q.
726 1951 838 2036 Atqui,
859 1951 972 2035 frater,
990 1952 1080 2016 bona
1096 1955 1155 2015 tua
1168 1967 1194 2007 2⁰

147 2041 241 2107 venia
269 2040 419 2125 dixerim,
445 2041 511 2106 iste
537 2041 699 2106 sententia
726 2041 865 2106 maxime
887 2043 922 2105 et
943 2039 1033 2104 fallit
1054 2040 1154 2124 impe

147 2129 229 2194 ritos
257 2132 291 2193 et
318 2130 412 2194 obest
439 2129 626 2213 saepissime
648 2129 696 2194 rei
716 2129 880 2214 publicae,
908 2150 1007 2212 quom
1031 2126 1154 2212 aliquid

147 2237 259 2282 verum
283 2220 315 2281 et
338 2220 462 2282 rectum
485 2237 555 2282 esse
578 2217 704 2302 dicitur,
728 2219 784 2283 sod
807 2216 955 2301 obtineri,
978 2217 1081 2282 idest
1100 2216 1154 2280 ob·

149 2305 221 2371 sisti
243 2326 339 2392 posse
361 2305 492 2390 populo,
514 2310 662 2391 negatur.
698 2305 844 2371 Primum
866 2305 953 2370 enim
972 2305 1153 2388 obsistitur,

149 2416 247 2479 quom
270 2394 379 2481 agitur
402 2415 521 2478 severe,
545 2393 657 2459 deinde
679 2395 714 2458 vi
736 2395 877 2480 opprimi
898 2395 934 2458 in
951 2395 1038 2459 bona
1056 2409 1190 2458 causac

148 2487 199 2548 eat
217 2483 333 2549 melius
353 2504 449 2567 quam
468 2482 573 2546 malae
592 2482 712 2547 cedere.
744 2481 822 2558 Quis
841 2486 951 2547 autem
969 2503 1036 2548 non
1054 2482 1152 2548 sentit

149 2593 277 2638 omnem
309 2572 537 2638 auctoritatem
569 2571 776 2656 optimatium
808 2571 1016 2635 tabellarium
1048 2571 1152 2656 legem

149 2660 346 2726 abstulisse?
370 2681 468 2744 quam
489 2660 629 2745 populus
652 2659 735 2723 liber
753 2680 930 2742 numquam
949 2657 1152 2744 desideravit,

148 2747 233 2812 idem
261 2769 434 2833 oppressus
463 2747 631 2812 dominatu
659 2769 696 2812 ac
722 2748 870 2832 potentia
893 2746 1076 2833 principum
1097 2747 1152 2812 fla·

150 2836 275 2921 gitavit.
321 2835 435 2920 Itaque
463 2836 615 2922 graviora
636 2835 755 2900 iudicia
771 2837 815 2901 de
837 2835 1074 2920 potentissimis
1097 2835 1187 2899 heu

149 2923 289 2988 minibus
317 2926 430 2987 extant
456 2924 545 2989 vocis
573 2945 670 3008 quam
696 2926 846 2990 tabellae.
891 2923 1150 3000 Quamobrem

149 3009 348 3097 suffragandi
370 3011 471 3076 nimia
493 3012 594 3077 libido
614 3013 650 3077 in
667 3034 732 3077 non
749 3013 844 3079 bouis
864 3013 969 3078 causis
988 3011 1150 3098 eripienda
1246 3009 1248 3036 ⁴

148 3099 211 3164 fuit
233 3097 431 3185 potentibus,
452 3120 519 3164 non
541 3101 668 3166 latebra
687 3101 792 3166 danda
809 3101 939 3186 populo,
963 3101 998 3164 in
1016 3122 1080 3184 qua
1098 3101 1150 3165 bo·

148 3188 199 3252 nis
221 3187 462 3274 ignorantibus,
486 3187 563 3271 quid
586 3190 721 3274 quisque
744 3191 891 3272 sentiret,
912 3189 1037 3254 tabella
1060 3189 1149 3253 vitio

150 3297 220 3341 eum
249 3276 426 3342 occultaret
453 3275 652 3362 suffragium.
691 3275 808 3362 lthue
835 3277 892 3342 isti
914 3277 1078 3364 rogationi
1099 3290 1185 3340 ne³⁵

149 3385 210 3448 que
231 3364 320 3428 lator
343 3364 513 3446 quisquam
530 3368 587 3428 est
609 3366 759 3430 inventus
781 3387 840 3431 nec
863 3369 977 3431 auctor
998 3387 1149 3448 umquam

97 3437 262 3562 {gbonus
299 3448 382 3515 Sunt
405 3451 489 3514 enim
512 3455 667 3534 quattuor
684 3453 774 3539 leges
792 3454 992 3536 tabellariae,
1016 3475 1148 3536 quarum
