2452 3938
265 165 386 224 LIB.11.
406 165 482 223 OAP.
502 173 615 223 60-63.
634 173 650 234 5
669 173 816 224 iet-rso.
982 169 1047 236 243

48 313 97 374 ant
127 311 240 386 omnia
272 309 362 394 deus,
394 309 480 394 quod
510 301 652 396 negotis,
684 313 742 374 aut
774 301 882 376 omnia
908 313 1048 378 natura?

48 398 282 484 quodquoniam
299 397 381 462 illud
398 397 538 484 negatis,
555 398 618 463 hoc
634 398 815 464 necessario
822 399 1047 465 confitendum

47 491 98 550 est.
127 485 293 554 Natuuam
312 489 421 551 autem
440 506 511 552 eam
530 479 609 570 dico,
632 505 698 571 qua
714 502 891 572 numquam
911 506 1037 554 animus
1048 499 1098 549 128

46 574 193 640 insistm
222 574 402 659 agitatione
432 579 465 639 et
494 578 586 639 motu
614 595 686 639 esse
712 594 832 642 uacuus
854 579 973 660 potest
1013 576 1070 641 Is

28 681 109 728 rcum
137 653 298 749 languore
318 662 466 764 corporis
488 683 548 728 nec
570 663 723 730 membris
746 663 796 728 nti
816 683 876 728 nec
899 664 1047 730 sensibus

46 755 155 851 potest,
179 751 325 816 incidit
315 771 350 816 ιιι
372 750 444 815 visa
465 751 557 815 varia
578 755 612 816 et
634 751 758 816 incerta
776 769 814 816 er
832 751 987 837 reliquiis,
1009 757 1057 817 ut

47 837 319 924 adunantes,
346 838 589 904 inhaerentibus
617 857 871 923 caramerum,
899 862 978 924 quas
1001 841 1047 905 vi-

47 927 143 1012 gilans
167 927 309 1014 gesserit
332 930 389 992 aut
411 926 618 1028 cogitaverit3
642 945 791 1028 quarum
801 928 1046 1011 perturbatione

46 1015 228 1083 mirabiles
218 1019 268 1080 mt
253 1015 380 1080 tardum
394 1015 538 1080 existunt
551 1014 673 1116 species
689 1007 901 1098 somniorum
921 1032 1003 1099 quae
1017 1017 1047 1080 si

20 1123 37 1162 o
47 1103 102 1168 alia
114 1104 213 1188 falsa,
232 1105 298 1170 alia
311 1121 396 1188 vera,
414 1125 479 1188 qua
491 1106 571 1168 nota
584 1103 854 1187 internoscantur,
873 1103 1046 1168 sancsone

46 1192 142 1257 velim.
181 1190 219 1257 Si
240 1192 332 1257 nulla
354 1193 412 1276 est,
436 1191 513 1275 quid
535 1191 617 1256 istos
639 1191 834 1292 interpretes
855 1188 1045 1258 audiamus?

47 1279 89 1343 sin
104 1281 281 1366 quaepiam
299 1283 358 1363 est,
376 1295 456 1344 aveo
476 1279 586 1344 audire
586 1297 696 1364 ,quac
713 1279 769 1363 sit3
787 1278 844 1344 sed
857 1279 1045 1346 haerebunt.

45 1365 134 1433 Venit
162 1369 252 1435 enim
278 1368 344 1434 iam
371 1367 406 1432 in
433 1368 684 1452 contentionem,
714 1371 824 1433 utrum
852 1368 897 1433 sit
917 1346 1099 1472 proba163

46 1455 148 1542 bilius,
176 1457 298 1522 deosne
320 1456 518 1558 inmortalis,
545 1475 654 1520 rerum
676 1455 821 1520 omnium
844 1458 1047 1560 praestantia

20 1545 237 1629 cercellentis,
258 1565 450 1610 concursare
472 1545 587 1610 οἰιοιιοο
609 1543 753 1609 omnium
771 1546 968 1627 mortalium,
991 1547 1047 1629 qui

46 1631 155 1718 ubique
181 1636 267 1717 sunt,
289 1651 356 1698 non
378 1631 475 1717 modo
497 1634 609 1716 lectos,
632 1652 744 1697 verum
768 1631 867 1696 etiam
890 1633 1046 1717 grabatos

46 1725 84 1804 ct,
107 1744 183 1788 cum
208 1723 399 1786 stertentem
423 1720 564 1804 aliquem
587 1718 739 1802 viderint,
761 1719 889 1784 obicere
912 1720 953 1784 iis
975 1720 1047 1786 uisa

47 1811 198 1892 quaedam
215 1813 365 1874 tortuosa
381 1812 416 1874 et
433 1809 580 1894 obscura,
598 1827 680 1892 quac
699 1806 749 1871 illi
768 1807 914 1872 exterriti
933 1828 1046 1873 somno

47 1897 80 1960 ad
101 1898 319 1964 coniectorem
337 1918 432 1962 mane
451 1896 605 1980 deferant,
629 1918 671 1960 an
687 1895 903 1980 naturafieri,
925 1900 962 1962 ut
980 1917 1047 1962 mo-

19 1983 164 2052 rabiliterv
181 1986 309 2051 animm
342 1985 500 2071 agitatus,
531 1985 619 2070 quod
644 1983 786 2070 vigilans
813 1983 944 2069 uiderit,
976 1984 1046 2050 dor-

47 2074 138 2140 miens
156 2073 268 2141 videre
288 2073 444 2139 videatur.
476 2072 596 2138 Utrum
613 2071 823 2158 philosophia
841 2071 979 2158 dignius,
999 2095 1047 2138 sa-

47 2181 152 2245 garum
181 2162 413 2246 superstitione
439 2162 505 2226 ista
531 2161 740 2245 interpretari
766 2181 809 2226 an
833 2161 1055 2246 explicatione·

46 2251 197 2316 naturae?
224 2253 274 2334 ut,
297 2250 326 2314 si
347 2251 414 2314 iam
436 2250 507 2315 fieri
528 2249 635 2334 possit
656 2271 734 2314 vera
757 2249 941 2316 coniectura
964 2273 1048 2316 som-

46 2338 180 2423 niorum,
207 2342 318 2404 tamen
344 2337 414 2422 isti,
442 2337 498 2422 qui
523 2337 732 2422 profitentur,
759 2359 831 2402 eam
852 2336 959 2403 facere
981 2361 1048 2404 non

19 2428 181 2510 ²⁵possint3
217 2448 256 2491 ex
291 2424 458 2492 levissimo
493 2425 579 2490 enim
611 2429 644 2489 et
674 2424 897 2490 indoctissimo
930 2447 1047 2510 genere

47 2519 200 2581 constant.
237 2511 338 2580 Stoici
361 2517 470 2580 autem
493 2513 542 2578 tui
563 2515 687 2598 negant
705 2533 899 2596 quemquam
916 2515 981 2578 nisi
999 2537 1047 2579 sa·

47 2602 181 2684 piantem
200 2602 345 2668 divinum
362 2623 433 2667 esse
450 2622 556 2686 posse.
593 2599 794 2685 Chrysippus
812 2600 942 2684 quidem
961 2602 1101 2668 divi-1³0

46 2693 206 2758 radonem
234 2690 345 2756 definit
367 2690 419 2755 his
442 2689 564 2756 verbis:
590 2689 667 2754 vim
689 2691 987 2774 cognoscentem
1011 2694 1048 2756 et

47 2778 234 2845 videntem
257 2783 294 2844 et
318 2777 577 2864 explicantem
599 2776 726 2863 signa,
750 2798 844 2860 quae
868 2776 963 2842 adis
982 2777 1047 2844 ho·

19 2868 207 2934 ominibus
239 2865 537 2952 portendantur3
570 2864 712 2930 officium
743 2865 853 2930 autem
880 2886 950 2931 esse
979 2865 1047 2932 eius

47 2976 260 3040 praenoscere,
283 2955 334 3019 dei
352 2976 431 3041 erga
448 2954 595 3020 homines
614 2955 704 3018 ment
705 2974 724 3017 e
741 2973 805 3037 qua
823 2953 890 3018 sint
908 2955 1047 3040 quidque

47 3043 232 3198 significent,
254 3065 350 3128 quem
373 3043 414 3108 ad
437 3042 631 3146 modumque
654 3063 692 3107 ea
714 3045 887 3127 procurent
889 3065 927 3108 ur
950 3048 1047 3128 atque

47 3133 169 3216 expient
169 3155 217 3197 ur
259 3131 413 3217 Idemque
445 3131 645 3197 somniorum
675 3131 907 3196 coniectionem
936 3131 1048 3195 definit

47 3216 101 3284 hcc
127 3222 238 3287 modo.
265 3239 335 3285 esse
361 3220 437 3284 vim
461 3223 678 3284 cernentem
702 3223 740 3284 et
762 3220 1046 3320 explanantem,

20 3313 136 3388 35ιιιιιιο
163 3333 183 3376 a
206 3309 264 3373 dis
286 3308 506 3374 hominibus
531 3307 808 3394 significentur
829 3306 869 3370 in
892 3307 1046 3370 somnis

49 3392 124 3469 Quid
151 3397 252 3500 ergo?
283 3396 430 3462 adhaec
457 3396 610 3461 mediocri
633 3417 714 3480 opus
737 3399 788 3459 est
810 3395 982 3478 prudentia
1004 3417 1046 3459 an

48 3485 231 3574 elingenio
259 3489 412 3571 praestan
370 3485 440 3550 anti
466 3487 499 3550 et
527 3484 706 3549 eruditione
732 3482 896 3567 perfecta?
933 3481 1046 3548 Talem

779 3584 832 3641 16*

1048 1423 1178 1483 129Ι

1213 3403 1216 3488 l
