2478 3936
181 199 223 263 gg
508 191 557 246 ιιι
575 188 897 248 cinomanorum

224 340 367 405 Rostro
381 336 526 421 tundit,
541 340 578 400 et
591 333 834 400 hicGeminis
849 338 908 398 est
920 333 990 399 ille
1004 333 1098 400 sub'
1088 329 1224 420 ipsis

224 427 325 491 Ante
361 424 515 510 Canem,
550 419 745 508 Προκύων
780 421 896 487 Graio
933 423 1186 576 qiiriluormine

130 655 284 722 115Haec
307 655 412 721 omnis
436 653 604 739 discriptio
627 651 768 716 siderum
791 653 888 735 atque
905 651 959 716 hic
976 654 1090 715 tantus
1108 652 1189 716 caeli

181 746 315 809 ornatus
348 765 387 807 ex
418 743 608 827 corporibus
639 739 703 805 huc
734 742 768 804 et
798 739 876 804 illuc
903 761 980 804 casu
1007 742 1041 803 et
1068 742 1188 804 temere

181 831 387 898 cursantibus
405 830 551 915 potuisse
570 828 655 895 effici
672 827 822 928 cuiquam
840 848 919 892 sano
938 827 1041 892 videri
1057 829 1188 913 potest?
1216 792 1226 888 ι

182 925 239 986 aut
265 942 343 986 vero
371 919 438 984 alia
464 940 547 1002 quae
572 921 691 982 natura
717 915 836 980 mentis
858 918 893 979 et
914 915 1052 980 rationis
1076 936 1189 1016 expers

180 1010 261 1074 haec
279 1008 405 1073 efficere
423 941 553 1093 petiuit?
576 1026 659 1090 quae
676 1025 743 1069 ιιοιι
760 1003 855 1068 modo
873 1005 911 1067 ut
928 1003 1045 1067 fierent
1064 1003 1189 1068 ratione

183 1100 350 1184 eguerunt,
373 1095 431 1160 sed
448 1094 598 1179 intellegi
615 1092 727 1177 qualia
745 1092 811 1155 sint
830 1091 899 1155 sine
917 1112 1046 1156 summa
1063 1086 1227 1156 ratione

181 1206 248 1250 ιιοιι
268 1187 415 1268 possunt.

128 1311 172 1376 45
247 1304 316 1370 Nec
338 1327 415 1370 vero
437 1304 518 1369 haec
536 1304 642 1369 solnm
661 1303 875 1386 admirabilia,
898 1303 955 1366 sed
972 1301 1058 1367 nihil
1076 1302 1190 1387 maius,
1202 1319 1227 1360 ιι

182 1415 281 1478 quam
303 1392 439 1476 quodt
411 1392 439 1456 i
440 1414 460 1456 a
483 1392 612 1456 stabilis
631 1395 682 1456 est
699 1391 836 1456 mundus
855 1394 954 1473 atque
972 1390 1021 1454 ita
1038 1389 1191 1456 cohaeret
1227 1380 1228 1416 ¹

182 1481 223 1546 ad
244 1480 510 1582 permanendum,
536 1484 575 1544 ut
595 1479 678 1544 nibil
700 1501 742 1544 ne
763 1478 942 1565 excogitari
965 1479 1097 1563 quidem
1118 1501 1191 1565 pos·

182 1570 226 1634 sit
249 1569 368 1654 aptius.
407 1567 527 1634 Omnes
550 1568 637 1633 enim
658 1571 770 1652 partes
793 1567 862 1632 eius
884 1566 1025 1650 undique
1048 1567 1190 1632 modium

180 1659 288 1723 locum
311 1661 515 1742 capessentes
532 1656 682 1721 nituntur
700 1655 888 1739 aequaliter.
918 1653 1061 1720 Maxime
1080 1658 1189 1720 antem
1228 1672 1229 1678 ’

181 1767 319 1831 corpora
344 1746 431 1810 inter
458 1767 492 1810 se
519 1744 629 1809 iuncta
654 1747 859 1829 permanent,
890 1765 964 1808 cum
991 1744 1087 1826 quasi
1114 1758 1227 1828 quo1⁵

181 1835 257 1899 dam
288 1834 417 1899 vinculo
449 1832 647 1898 circumdato
679 1831 837 1917 colligant
838 1853 889 1914 ur3
919 1830 1007 1914 quod
1037 1830 1120 1896 facit
1150 1853 1189 1895 ea

180 1925 307 2004 natura,
339 1942 421 2004 quae
453 1943 511 2006 per
543 1941 671 1986 omnem
702 1919 856 1984 mundum
885 1918 993 1983 omnia
1021 1922 1131 1984 mente
1158 1924 1191 1984 et

181 2009 307 2073 ratione
330 2007 501 2074 conficiens
524 2008 670 2072 funditur
688 2011 721 2072 et
739 2007 781 2071 ad
799 2007 940 2072 medium
957 2006 1047 2091 rapit
1065 2011 1100 2072 et
1118 2028 1188 2073 con-

131 2112 180 2159 116
194 2095 294 2160 vertit
316 2099 468 2161 extrema.
507 2093 672 2178 Quocirca,
695 2095 724 2159 si
745 2095 883 2160 mundus
902 2095 1060 2181 globosus
1079 2099 1131 2160 est
1148 2096 1190 2159 ob

181 2203 316 2266 eamque
338 2204 469 2248 causam
492 2204 604 2249 omnes
627 2183 695 2248 eius
713 2186 825 2269 partes
842 2182 982 2267 undique
1002 2183 1189 2267 aequabiles
1202 2199 1226 2239 ιι

181 2270 271 2355 ipsae
303 2292 362 2356 per
393 2292 428 2335 se
455 2275 552 2356 atque
579 2271 665 2335 inter
692 2292 727 2335 se
749 2270 968 2353 continentur,
1001 2272 1189 2360 contingere

181 2358 267 2424 idem
289 2362 396 2424 terrae
418 2379 548 2424 necesse
571 2362 635 2442 est,
657 2361 695 2424 ut
718 2358 868 2424 omnibus
891 2358 959 2422 eius
983 2359 1135 2444 partibus
1155 2360 1190 2424 in

181 2447 322 2512 medium
353 2448 563 2533 vergentibus
595 2445 644 2532 (id
675 2450 784 2512 cutem
811 2446 953 2511 medium
979 2447 1130 2513 infimum
1155 2448 1191 2511 in

181 2534 320 2619 sphaera
342 2533 407 2620 est)
429 2535 511 2599 nihil
534 2535 759 2619 interrumpat,
782 2556 846 2618 quo
869 2533 1063 2600 labefactari
1085 2536 1191 2621 possit

180 2626 274 2688 tanta
303 2623 467 2688 contentio
498 2623 642 2708 gravitat
627 2622 671 2686 tis
702 2625 735 2687 et
763 2622 949 2709 ponderum.
1000 2622 1188 2709 Eademque
1201 2638 1223 2678 ιι

51 2761 55 2768 ,
180 2711 306 2775 ratione
333 2731 436 2793 mare,
465 2732 538 2775 cum
561 2732 660 2794 supra
681 2714 804 2775 terram
827 2711 883 2794 sit,
913 2709 1056 2776 medium
1079 2716 1189 2778 tamen

181 2800 288 2861 terrae
314 2760 436 2862 locumy
449 2802 602 2883 expetens
629 2799 845 2884 conglobatur
872 2761 1013 2883 indique
1037 2800 1187 2885 aequabi-

131 2882 234 2946 11⁷lit
236 2905 270 2946 er
292 2905 395 2966 neque
418 2886 576 2950 redundat
594 2907 748 2970 umquam
765 2908 869 2970 neque
887 2887 1072 2951 effimditur.
1104 2887 1188 2952 Huic

181 2974 290 3034 autem
320 2971 487 3038 continens
518 2995 573 3038 aer
599 2973 704 3038 fertur
725 2974 782 3038 ille
806 2975 935 3058 quidem
957 2975 1094 3040 levitate
1116 2977 1187 3042 sub

179 3057 265 3141 lime,
285 3057 341 3121 sed
358 3059 496 3122 tamen
486 3081 521 3123 111
539 3082 649 3126 omnes
668 3065 778 3147 partes
797 3083 832 3126 se
848 3063 917 3148 ipse
931 3061 1103 3147 fundit3it
1075 3066 1187 3149 itaque
1198 3079 1221 3118 ³⁰

180 3149 214 3210 ct
235 3145 318 3210 mari
342 3145 548 3212 continuatus
568 3152 602 3212 et
619 3149 748 3214 iunctus
767 3152 818 3214 est
836 3154 869 3214 et
886 3154 1010 3224 natura
1021 3150 1130 3216 fertur
1147 3151 1187 3216 ad

179 3233 314 3318 caelum,
332 3233 421 3298 cuius
441 3234 600 3300 tenuitate
619 3240 652 3300 et
667 3237 775 3302 colore
788 3242 986 3322 temperatus
1000 3239 1137 3304 vitalem
1155 3243 1187 3304 et

179 3285 356 3387 salutar'em
379 3321 530 3405 spirltum
552 3323 688 3406 praebet
710 3325 938 3390 animantibus.
977 3324 1080 3402 Quem
1103 3349 1186 3393 com-

178 3409 274 3493 plexa
288 3430 414 3473 summa
432 3429 509 3493 pars
528 3409 618 3493 caeli,
636 3431 719 3495 quae
738 3413 883 3478 aetheria
901 3413 1026 3499 dicitur,
1045 3417 1078 3478 et
1093 3437 1185 3481 suum

177 3494 297 3559 retinet
314 3495 464 3560 ardorem
481 3498 612 3560 tenuem
631 3501 665 3569 et
681 3498 774 3563 nulla
787 3501 985 3566 admixtione
999 3506 1183 3568 concretum
1197 3517 1219 3557 ³⁵
