2458 3934
282 180 350 236 affl.
368 181 390 238 1.
409 180 485 236 oAP.
504 187 616 236 se-se.
636 187 651 247 s
671 185 783 236 rc-so.
973 177 1037 244 175

60 328 138 408 taque
160 325 193 390 in
213 324 313 390 Italia
337 324 443 390 laotos
470 345 553 408 esse,
579 328 618 389 ut
640 325 743 389 multa
766 323 886 409 oppida
907 345 1037 389 conrue-

60 412 117 497 rint‚
133 413 241 478 multis
257 413 338 478 locis
356 413 447 478 labes
463 411 570 478 factae
589 412 655 476 sint
672 415 842 492 terraeque
856 411 1038 476 desederint

59 501 229 586 fluminaque
263 501 299 566 in
334 500 512 567 contrarias
548 504 659 585 partes
691 499 843 564 fluxerint
875 504 972 584 atque
1003 501 1038 562 in

59 611 147 654 annes
168 611 256 654 mare
278 589 450 654 influxerit.

41 693 49 733 ⁵
107 676 198 742 Fiunt
229 680 335 742 certae
367 676 602 742 divinationum
633 677 835 742 coniecturae
867 697 887 742 a
915 675 1038 762 peritis.
1048 685 1091 751 36

57 763 142 830 Midae
162 766 213 830 illi
230 764 364 851 Phrygi,
387 787 460 830 cum
476 786 557 850 puer
575 768 670 849 esset,
692 765 866 830 dormienti
883 764 1039 830 formicae

56 853 131 918 inos
151 853 254 919 tritici
281 873 383 939 grana
412 857 652 938 congesserunt.
696 851 947 917 Divitissumum
967 851 1038 917 fore

56 941 233 1024 praedictum
256 946 319 1024 est3
342 940 427 1025 quod
447 941 564 1005 evenit.
595 941 642 1004 At
654 939 787 1005 Platoni
805 962 878 1005 cum
895 940 931 1003 in
948 939 1038 1004 cunis

56 1031 168 1110 parvulo
187 1029 362 1095 dormienti
379 1050 456 1114 apes
469 1029 505 1092 in
517 1028 647 1093 labellis
662 1028 891 1112 consedissent,
909 1048 1039 1112 respon-

32 1131 111 1181 1⁰sum
131 1122 178 1183 est
200 1117 362 1204 singulari
383 1117 478 1182 illum
501 1117 662 1182 suavitate
685 1116 843 1182 orationis
865 1115 945 1181 fore.
986 1115 1039 1179 Ita

55 1203 144 1271 uua
165 1206 353 1290 eloquentia
374 1206 506 1291 provisa
527 1205 562 1269 in
583 1205 708 1270 infante
729 1208 788 1270 est.
824 1202 929 1280 Quid?
953 1224 1039 1268 amo-
1059 1219 1092 1269 79

55 1313 93 1357 res
117 1317 150 1360 ac
177 1294 312 1360 deliciae
334 1298 424 1379 tuae,
451 1293 600 1377 Roscius,
626 1316 704 1359 num
728 1297 785 1359 aut
806 1293 877 1379 ipse
900 1296 957 1358 aut
978 1313 1039 1377 pro

56 1401 83 1446 eo
100 1380 277 1448 Lanuvium
303 1385 410 1448 totum
436 1381 676 1447 mentiebatur?
713 1380 775 1458 Qui
802 1404 875 1447 cum
898 1385 984 1447 esset
1006 1380 1041 1445 in

56 1471 199 1536 cunabulis
229 1471 482 1555 educareturque
508 1471 542 1534 in
570 1468 715 1552 Solonio,
747 1471 803 1554 qui
829 1474 879 1534 cst
907 1491 1039 1556 campus

31 1570 46 1609 1⁵
56 1559 111 1643 agri
129 1558 302 1643 Lanuvini,
328 1562 427 1624 noctu
453 1559 574 1623 lumine
602 1558 752 1645 apposito
776 1560 963 1642 experrecta
983 1578 1041 1622 nu-

55 1646 105 1711 trix
124 1647 352 1714 animadvertit
374 1668 509 1734 puerum
532 1646 744 1711 dormientem
763 1645 1041 1730 circumplicatum

56 1737 192 1819 serpentis
222 1736 382 1821 amplexu.
428 1734 497 1811 Quo
528 1737 662 1819 aspectu
689 1732 844 1798 exterrita
866 1733 1041 1797 clamorem

56 1825 175 1890 sustulit.
216 1824 317 1889 Pater
347 1827 455 1888 autem
481 1823 591 1888 Roscii
621 1821 662 1887 ad
687 1821 876 1905 haruspices
903 1821 1041 1904 rettulit,

56 1911 97 1992 qui
119 1913 354 1998 responderunt
379 1912 463 1977 nihil
488 1911 547 1976 illo
569 1932 668 1997 puero
692 1909 824 1994 clarius,
846 1908 929 1973 nihil
951 1908 1042 1974 nobi·

31 1997 104 2063 ²llius
127 2001 204 2068 fore.
252 2002 360 2085 Atque
382 2001 466 2066 hanc
490 2000 628 2085 speciem
651 1998 808 2064 Pasiteles
832 1997 970 2063 caelavit
993 2020 1042 2062 ar-

56 2092 134 2170 gento
152 2095 185 2155 et
198 2093 312 2156 noster
326 2089 486 2173 expressit
499 2087 637 2153 Archias
651 2087 809 2153 versibus.
843 2085 927 2162 Quid
940 2087 1042 2172 igitur

55 2179 265 2260 expectamus?
289 2199 331 2242 an
354 2177 429 2242 dum
449 2177 484 2240 in
501 2176 573 2242 foro
590 2176 760 2242 nobiscum
780 2175 813 2240 di
830 2175 1042 2259 immortales,

55 2260 114 2329 dum
133 2266 168 2332 in
188 2267 253 2332 viis
276 2269 453 2348 versentur,
476 2265 552 2328 dum
570 2263 680 2330 domi?
704 2264 760 2349 qui
778 2263 907 2348 quidem
924 2263 989 2348 ipsi
1007 2285 1042 2327 se

54 2352 130 2417 nobis
159 2376 229 2420 non
256 2354 408 2436 offerunt,
438 2352 506 2418 vim
533 2356 642 2417 antem
670 2374 762 2418 suam
788 2353 885 2437 longe
913 2353 1042 2434 lateque

31 2437 233 2526 udiffundunc,
257 2445 447 2526 quamtum
470 2444 576 2506 terrae
599 2441 744 2506 cavernis
767 2438 949 2522 includunt,
971 2441 1042 2502 tum

55 2523 203 2596 hominum
225 2529 351 2595 naturis
374 2528 553 2614 implicant.
588 2528 674 2593 Nam
696 2531 803 2592 terrae
820 2526 871 2590 vis
888 2525 1042 2610 Pythiam

55 2611 171 2702 Delphis
189 2618 360 2702 incitabat,
381 2621 517 2682 naturae
535 2614 703 2700 Sibyllam.
741 2613 825 2690 Quid
847 2613 954 2678 enim?
976 2634 1043 2678 non

55 2701 190 2791 videmus,
215 2729 313 2790 quam
331 2707 397 2771 sint
415 2705 506 2771 varia
523 2709 684 2770 terrarum
704 2702 844 2789 genera?
868 2701 1043 2786 exquibus

56 2793 80 2853 et
104 2795 269 2860 mortifera
298 2794 455 2879 quaedam
482 2814 559 2879 pars
586 2796 648 2876 est,
676 2796 715 2857 ut
737 2794 770 2855 et
792 2789 987 2875 Ampsancti
1008 2790 1043 2855 in

30 2875 184 2966 affirpinis
214 2887 247 2948 et
273 2883 308 2948 in
330 2882 411 2946 Asia
433 2881 599 2964 Plutonia,
627 2901 708 2964 quae
731 2878 884 2963 vidimus,
912 2883 945 2943 et
968 2882 1044 2944 sunt

55 2973 147 3048 partes
170 2975 323 3058 agrorum
347 2970 431 3036 aliae
448 2969 647 3055 pestilentes,
671 2968 754 3033 aliae
773 2967 928 3052 salubres,
952 2967 1043 3052 aliae,

56 3074 122 3136 quae
141 3064 236 3126 acuta
253 3059 386 3145 ingenia
405 3059 552 3144 gignant,
575 3056 667 3141 aliae,
691 3078 773 3141 quae
791 3060 937 3139 retunsa3
961 3077 1043 3138 quae

56 3147 147 3212 onnia
167 3149 252 3213 fiunt
274 3152 307 3212 et
330 3169 369 3212 ex
390 3147 471 3212 caeli
488 3145 646 3211 varietate
665 3148 698 3209 et
716 3167 755 3210 ex
773 3143 920 3229 disparili
939 3141 1044 3225 adspi-

56 3233 163 3301 ratione
185 3241 355 3301 terrarum.

30 3323 46 3365 ⁸⁵
107 3321 157 3388 Fit
180 3324 277 3389 etiam
301 3327 397 3409 saepe
419 3323 524 3409 specie
548 3323 695 3406 quadam,
719 3341 814 3405 saepe
837 3337 952 3382 vocum
972 3337 1043 3400 gra·
1062 3327 1097 3378 80

56 3406 141 3476 vitate
174 3416 206 3477 et
237 3413 386 3478 cantibus
417 3415 455 3477 ut
485 3410 649 3496 pellantur
681 3408 780 3474 animi
811 3403 1042 3489 vehementius,

57 3512 137 3582 saepe
158 3501 257 3566 etiam
279 3523 356 3567 cura
378 3503 412 3565 et
433 3500 561 3584 timore,
584 3498 690 3582 qualis
714 3500 764 3561 est
786 3494 845 3558 illa
