2476 3936
143 211 209 274 316
496 209 546 263 uu
564 209 612 263 nu
630 209 787 264 ruamus

144 375 292 440 gnaeque
310 354 487 419 extiterunt
500 375 551 418 res
566 354 711 438 bellicae,
728 354 867 440 fecitque
880 354 967 419 idem
981 358 1013 420 et
1028 355 1149 440 saepsit

144 443 183 507 de
201 443 362 507 manubiis
381 442 549 507 comitium
567 447 600 506 et
618 443 741 508 curiam
759 441 992 527 constituitque
1006 443 1066 528 ius,
1085 465 1148 527 quo

143 531 232 596 bella
262 530 491 613 indicerentur,
523 531 609 614 quod
636 553 694 615 per
721 553 756 596 se
782 531 959 596 iustissime
981 531 1149 597 inventum

144 647 172 699 p.
187 621 253 700 218]
277 618 385 683 sanxit
404 619 409 702 1
428 617 534 683 fetiali
551 619 718 704 religione,
740 622 778 684 ut
796 641 891 685 omne
908 619 1042 703 bellum,
1066 621 1149 704 quod

146 706 369 772 denuntiatum
391 707 611 790 indictumque
633 728 699 772 non
722 712 821 790 esset,
848 707 881 773 id
903 707 1062 772 iniustum
1081 730 1173 772 essee

145 799 242 879 atque
269 795 393 881 inpium
420 795 623 860 iudicaretur.
668 793 713 860 Et
735 800 773 860 ut
795 795 973 861 advertatis
997 797 1151 880 animum,

146 905 243 968 quam
277 883 439 968 sapienter
468 883 534 948 iam
565 903 658 971 reges
692 883 754 950 hoc
780 884 885 950 nostri
911 883 1067 968 viderint,
1097 886 1152 948 tri-

144 972 272 1038 buenda
301 972 458 1056 quaedam
488 991 558 1036 esse
584 972 706 1064 populo
735 973 854 1058 (multa
881 973 967 1038 enim
993 973 1091 1038 nobis
1114 974 1150 1037 de

146 1081 184 1125 eo
207 1081 324 1147 genere
347 1060 482 1127 dicenda
504 1059 607 1146 sunt),
629 1083 670 1125 ne
692 1061 876 1148 insignibus
899 1060 1030 1145 quidem
1053 1063 1150 1146 regiis

146 1148 259 1213 [lullus
285 1149 350 1214 nisi
376 1149 466 1214 iussu
488 1149 601 1233 populi
624 1154 675 1213 est
697 1172 793 1218 ausus
816 1151 874 1216 uti.
919 1147 1006 1214 Nam
1030 1154 1068 1214 ut
1090 1151 1150 1213 sibi
1164 1173 1185 1210 ιι

146 1236 312 1302 duodecim
334 1237 466 1302 lictores
488 1258 562 1302 cum
584 1236 726 1302 fascibus
750 1239 872 1304 anteire
896 1238 1024 1303 liceret.
1040 1289 1047 1303 .
1063 1289 1093 1302 ..

393 1393 632 1475 [Desiderautur
647 1400 784 1481 popinae
795 1400 906 1479 duce]
1226 1485 1227 1528 ,

94 1568 128 1616 aa
213 1552 263 1618 Dc
283 1551 372 1618 Tullo
389 1554 499 1638 quippe
516 1555 609 1619 etium
624 1553 770 1633 Hostilio,
792 1557 847 1638 qut
864 1558 970 1624 tertim
987 1579 1009 1624 c
1021 1558 1152 1626 Romulo
1226 1561 1227 1574 ¹

146 1661 201 1706 rec
216 1641 288 1722 suit,
309 1642 364 1724 qui
381 1643 485 1724 etipse
495 1642 628 1722 fulmine
640 1643 818 1726 absumptus
835 1649 886 1728 est,
908 1646 984 1711 dicit
995 1649 1032 1712 in
1045 1650 1153 1714 eudem

148 1729 235 1794 curis
252 1729 332 1795 idem
345 1727 449 1796 (teuc
460 1735 623 1822 propterca
640 1736 669 1794 et
685 1732 778 1796 utum
795 1753 858 1798 uon
875 1735 1024 1800 creditum
1037 1738 1073 1801 ta
1086 1739 1152 1803 deos

147 1822 297 1900 receptum
319 1817 377 1882 tali
398 1823 505 1898 mute,
525 1820 600 1900 quta
619 1819 757 1902 fortusse,
779 1823 860 1902 quod
880 1827 948 1887 erat
967 1825 1004 1888 tu
1020 1824 1185 1890 Rutulos

141 1906 320 1986 probatum,
341 1905 377 1970 tc
397 1911 442 1971 cst
458 1926 654 1988 pusularum,
676 1907 815 1973 Romam
836 1910 960 1992 culpare
981 1913 1151 1991 notuerunt,

146 1995 182 2058 id
211 1999 255 2058 cst
284 1993 343 2057 uile
372 1993 485 2073 facee,
520 1995 550 2060 st
579 1994 634 2058 ltoc
664 1999 692 2059 et
722 1997 813 2062 atteri
841 1998 934 2078 fucttc
965 2000 1150 2066 tribueretur.

146 2079 357 2163 (Auqustc'uus
378 2083 414 2146 dc
436 2083 490 2148 ctu.
512 2083 561 2146 dci
582 2082 649 2146 III
665 2083 729 2166 15.)

94 2183 250 2308 {3811171}
325 2223 501 2286 ...acque
519 2205 605 2269 enim
623 2206 733 2291 serpit,
752 2208 807 2272 sed
826 2209 918 2275 volat
937 2211 973 2275 in
992 2214 1149 2297 optimum

148 2293 271 2355 statum
289 2290 440 2356 instituto
458 2295 516 2356 tuo
535 2313 682 2359 sermone
702 2296 907 2381 respublica.
933 2298 966 2364 S.
980 2299 1062 2366 Post
1080 2323 1149 2366 eum
1161 2321 1184 2360 ιο

146 2376 274 2443 Numae
293 2377 449 2464 Pompilii
470 2401 571 2464 nepos
595 2402 633 2446 ex
655 2382 723 2446 filia
746 2405 802 2448 rex
824 2407 845 2449 a
866 2388 988 2471 populo
1012 2393 1064 2453 est
1086 2389 1148 2453 An-

146 2487 202 2531 cus
215 2464 354 2531 Marcius
374 2466 579 2551 constitutus,
597 2469 739 2553 itemque
758 2471 797 2536 de
815 2473 952 2560 imperio
972 2497 1031 2541 suo
1046 2477 1148 2564 legem

147 2554 304 2619 curiatam
326 2554 412 2618 tulit.
448 2553 511 2630 Qui
533 2577 606 2621 oum
628 2556 763 2623 Latinos
785 2560 873 2626 bello
897 2562 1077 2649 devicisset,
1100 2565 1149 2630 ad·
1227 2573 1228 2592 ³

147 2642 242 2707 scivit
265 2663 320 2707 eos
342 2642 377 2706 in
394 2641 569 2728 civitatem,
592 2648 689 2729 atque
707 2646 793 2712 idem
806 2648 1005 2717 Aventinum
1023 2656 1057 2718 et
1075 2651 1150 2720 Cae

146 2729 227 2793 lium
255 2734 399 2795 montem
427 2730 574 2796 adiunxit
600 2733 686 2816 urbi,
715 2757 858 2820 quosque
886 2759 983 2822 agros
1012 2762 1047 2805 ce
1072 2746 1182 2826 erat,²⁵

145 2844 173 2896 p.
184 2819 249 2897 ιιι]
260 2817 370 2882 divisit
384 2821 417 2882 et
431 2819 531 2884 silvas
545 2821 726 2886 maritimas
740 2825 845 2888 omnis
855 2764 1148 2916 publicaritiquas

146 2907 283 2988 ceperat,
307 2908 340 2968 et
363 2905 404 2970 ad
427 2907 546 2972 ostium
569 2905 695 2974 Tiberis
718 2913 832 2977 urbem
854 2915 997 2980 condidit
1015 2917 1149 2984 colonis·

147 3012 209 3074 que
235 2990 387 3056 firmavit.
432 2993 540 3078 Atque
567 2995 615 3061 ita
641 3019 714 3062 cum
741 3003 806 3064 tres
834 3005 867 3065 et
893 3003 1011 3088 viginti
1038 3027 1149 3092 regna-

144 3078 246 3144 visset
269 3101 385 3163 annos,
408 3085 459 3145 est
481 3087 637 3149 mortuus.
682 3085 764 3150 'l'um
786 3087 929 3154 Laelius:
957 3090 1148 3160 Laudandus

145 3167 243 3230 etiam
266 3167 329 3232 iste
352 3189 423 3253 τοῖς
449 3169 506 3233 sed
529 3170 666 3237 obscura
688 3178 739 3238 est
761 3175 899 3243 historia
920 3178 1084 3268 Romana,
1111 3185 1148 3247 si·
1161 3201 1184 3240 ω

145 3255 273 3338 quidem
296 3255 391 3320 istius
414 3255 502 3342 regis
525 3263 663 3324 matrem
686 3261 856 3348 habemus,
884 3265 1073 3352 ignoramus
1096 3295 1149 3357 pa·

144 3344 237 3406 trem.
282 3341 314 3406 S.
337 3342 390 3406 Ita
413 3347 476 3426 est,
499 3344 618 3429 inquit3
641 3349 698 3413 sed
719 3353 903 3435 temporum
925 3354 1059 3422 illorum
1081 3362 1149 3424 tan-

94 3431 215 3545 19tum
237 3427 304 3491 fere
327 3447 442 3513 regum
464 3431 640 3497 inlustrata
663 3441 739 3500 sunt
761 3440 902 3506 nomina.

89 3558 125 3604 34
210 3511 273 3576 Sed
303 3513 365 3578 hoc
396 3515 468 3580 loco
495 3517 636 3600 primum
662 3523 792 3590 videtur
818 3527 950 3594 insitiva
978 3529 1146 3620 quadam}
