2458 3934
296 198 364 255 Lffl.
384 199 432 256 III.
457 198 532 254 cAP.
551 204 665 255 30-32.
689 204 835 266 §to—81.
1007 201 1070 267 135

72 365 130 409 non
150 342 321 445 audebitis.
365 341 443 409 Non
466 342 552 410 anim
573 342 700 429 ignoro,
724 343 838 429 quanti
861 344 930 409 cius
952 365 1070 412 nomen

72 435 195 585 Putitii
217 520 272 586 hic
296 518 426 605 quidem
447 521 538 587 locus
560 518 708 586 concludi
730 519 796 586 iam
818 524 938 606 potest.
983 519 1070 587 Nam
1081 483 1123 610 ἓξ

71 607 96 672 si
115 608 259 673 stultitia
276 629 434 675 consensu
451 607 595 673 omnium
613 607 884 694 philosophorum
902 609 1006 675 maius
1021 615 1071 677 est

51 695 201 780 malum,
228 717 327 780 quam
349 696 379 761 si
400 695 510 762 omnia
531 697 620 762 mela
641 699 675 762 et
696 695 847 762 fortunae
870 701 905 762 et
925 699 1070 783 eorporis

69 804 103 848 cx
124 784 230 850 altera
251 787 345 868 parte
366 787 540 868 ponantur,
562 783 758 869 sapientiam
776 788 885 850 autem
902 805 998 853 nemo
1018 787 1071 853 ad-

70 872 222 956 scquitur,
248 871 285 936 in
307 871 443 936 summis
466 871 562 937 malis
585 893 696 937 omnes
720 893 844 956 sumus,
873 873 990 956 quibus
1012 896 1071 940 vos

70 963 196 1044 optume
218 960 404 1025 consultum
427 983 448 1024 a
465 960 514 1026 dis
532 959 762 1026 inmortalibus
781 960 896 1026 dicitis.
932 958 1019 1026 Nam
1034 966 1072 1027 ut

69 1046 144 1112 nihil
167 1049 314 1132 interest,
336 1051 447 1113 utrum
467 1068 562 1114 nemo
579 1049 698 1132 valeat,
722 1069 764 1112 an
781 1069 876 1114 nemo
894 1048 1000 1134 possit
1018 1072 1071 1115 va·

40 1135 138 1237 tulere,
163 1136 213 1201 sic
233 1156 301 1201 non
322 1135 493 1222 intellego,
516 1134 596 1239 quid
615 1135 755 1221 intersit,
777 1139 888 1238 utnnu
909 1157 1006 1240 nemo
1028 1138 1072 1240 sit

70 1222 953 1379 “ddrelessimblbrrffllatt”sistit
973 1247 1072 1380 tlt

7 1429 8 1434 ¹
70 1333 171 1466 ticum
193 1402 301 1464 totum
324 1333 462 1484 cirilicit,
484 1420 541 1465 our
564 1399 597 1465 di
618 1399 766 1466 homines
788 1401 978 1488 neglegant:

129 1520 226 1588 Naim
250 1522 282 1585 si
305 1526 453 1607 curent,
479 1523 575 1588 bene
597 1523 711 1588 bonis
734 1523 800 1607 sit,
824 1524 921 1589 male
944 1525 1092 1609 malis3.

647 1610 747 1694 quod
768 1613 868 1675 nunc
891 1612 1009 1676 abest.

6 1825 7 1830 ἵ
42 1748 238 1816 nchebant
264 1750 317 1814 illi
339 1749 468 1835 quidem
491 1750 597 1816 omnis
618 1750 724 1815 bonos
746 1749 886 1834 efficere,
914 1749 1072 1834 siquidem

6 1845 7 1880 a
70 1837 234 1904 homiuum
266 1839 378 1924 generi
408 1838 629 1905 consulebant.
675 1835 732 1903 Sin
763 1837 797 1902 id
825 1837 946 1922 minus,
977 1838 1071 1904 bonis
1090 1851 1125 1900 80

5 1893 7 2012 i
71 1926 195 2010 quidem
217 1929 306 1992 certe
328 1927 495 1992 consulere
518 1926 689 1992 debebant.
725 1923 791 1992 Cur
808 1925 910 2012 igitur
928 1926 991 1992 duo
1008 1924 1072 1993 Sci·

5 2087 6 2098 ,
70 2015 187 2099 piones,
207 2014 406 2080 fortissimos
429 2018 464 2080 et
485 2014 628 2099 optimos
649 2015 747 2097 viros,
768 2014 804 2079 in
821 2013 982 2101 Hispania
994 2012 1072 2082 Poe

71 2123 128 2168 nus
145 2102 331 2188 oppressit?
350 2125 406 2168 our
418 2100 579 2168 Maximus
597 2102 716 2168 extudit
728 2102 834 2168 lilium
847 2103 1072 2170 consularem?

42 2205 124 2256 ocur
144 2190 336 2256 Marcellum
358 2188 524 2256 Hannibal
546 2189 734 2256 interemit?
757 2212 813 2256 our
834 2190 973 2257 Paulum
991 2190 1072 2259 Oan-

71 2299 127 2344 nac
149 2279 373 2344 sustulerunt?
396 2299 453 2344 our
465 2275 648 2344 Poenorum
670 2279 855 2345 crudelitati
868 2279 987 2366 Reguli
1005 2301 1072 2346 cor·

72 2388 129 2452 pus
150 2370 202 2432 est
224 2365 431 2451 praebitum?
453 2387 510 2432 cur
528 2364 718 2432 Africanum
741 2367 910 2433 domestici
931 2367 1072 2451 parietes

72 2475 133 2521 non
152 2453 326 2520 texerunt?
357 2451 427 2519 Sed
442 2453 522 2519 haec
539 2458 650 2520 vetera
666 2459 701 2520 et
719 2453 785 2520 alia
801 2453 979 2540 permulta3
1000 2476 1073 2539 pro·

73 2542 160 2626 picra
181 2542 357 2608 videamus.
397 2540 463 2607 Our
485 2542 662 2607 avunculus
685 2562 786 2625 meus,
808 2541 859 2606 vir
880 2542 1073 2607 innocentis-

44 2643 179 2696 Ξιιιιιιιιιιι
195 2630 345 2714 idemque
364 2629 588 2713 doctissumus,
610 2627 645 2695 P.
659 2629 812 2713 Rutilius,
834 2629 870 2693 in
887 2629 983 2695 exilio
1001 2630 1073 2696 est?

75 2739 126 2783 cur
146 2718 269 2784 sodalis
293 2739 383 2784 meus
405 2716 594 2783 interfectus
618 2718 705 2784 domi
728 2738 818 2800 suae,
841 2713 990 2782 Drusus?
1018 2739 1074 2784 cur

74 2805 305 2892 temperantiae
321 2805 573 2893 prudentiaeque
591 2806 753 2891 specimen
772 2807 848 2870 anto
866 2805 1074 2872 simulacrum

74 2891 188 2960 Vestae
211 2891 359 2980 pontifex
381 2894 541 2959 maximus
564 2896 615 2958 est
637 2892 673 2969 Q.
692 2890 849 2960 Scaeuola
870 2894 1073 2961 trucidatus?

74 3001 126 3047 cur
152 2986 229 3049 autc
256 2981 355 3047 ctiam
382 2985 434 3047 tot
458 2981 601 3047 civitatis
623 2981 786 3067 principes
809 3005 829 3047 a
851 2980 956 3049 Cinna
976 2983 1075 3049 inter-

45 3070 192 3156 compti?
215 3091 272 3136 cur
290 3069 435 3136 omnium
451 3068 745 3154 perfidiosissimus,
766 3068 801 3135 Ο.
814 3069 947 3154 Marius,
965 3069 1002 3146 Q.
1017 3069 1075 3136 Oa·

73 3159 187 3244 tulum,
218 3159 511 3244 praestantissuma
534 3157 693 3244 dignitate
715 3158 834 3242 virum,
861 3158 945 3223 mori
966 3157 1076 3242 potuit

72 3244 199 3313 iubere?
244 3243 323 3311 Dies
346 3245 482 3329 deficiat,
506 3245 535 3309 si
556 3244 656 3310 velim
677 3267 856 3329 numerare,
879 3244 996 3328 quibus
1019 3245 1075 3310 bo·
1093 3255 1126 3305 81

73 3333 119 3399 nis
135 3335 222 3401 malo
240 3335 393 3419 evenerit,
414 3353 474 3399 neo
491 3333 607 3417 minus,
630 3333 659 3398 si
677 3353 934 3415 commemorem,
958 3331 1074 3415 quibus

73 3419 228 3509 improbis
249 3423 380 3507 optimo.
417 3419 483 3488 Cur
504 3421 592 3486 enim
613 3420 736 3486 Marius
759 3427 828 3484 tam
850 3418 988 3484 feliciter
1006 3441 1076 3504 sep-

44 3509 185 3577 ³⁵timum
209 3511 323 3576 consul
346 3509 434 3576 domi
457 3529 534 3574 suae
558 3529 655 3574 senex
673 3513 723 3572 est
742 3505 912 3571 mortuus?
935 3526 992 3571 cur
1010 3528 1076 3571 om-
