2476 3936
319 190 385 246 nin.
405 191 438 248 11.
459 191 534 249 cAP.
554 198 667 249 ec-rc.
686 197 702 258 e
720 199 833 248 ιιι-47.
1016 193 1079 258 321

77 335 233 405 comitata
259 339 319 404 eet.
359 333 446 402 Nem
473 339 506 403 et
529 346 623 404 omne
644 335 774 402 Latium
796 337 884 402 bello
907 336 1026 402 devicit
1048 340 1081 402 et

77 422 229 490 Suessam
259 423 454 507 Pometiam,
491 424 605 492 urbem
636 425 825 508 opulentam
855 425 1081 508 refertamque,

77 512 163 597 cepit
190 516 224 578 et
249 513 392 579 munima
413 511 486 580 auri
509 513 698 596 argentique
722 513 842 597 praeda
864 513 1080 597 locupletatus

77 605 196 668 votum
212 600 317 684 patris
340 599 495 684 Oepitolii
518 600 738 668 aedificatione
761 601 918 685 persolvit
941 604 974 666 et
997 602 1081 667 colo

53 688 148 759 anias
171 687 310 755 deduxit
325 693 359 752 et
380 688 540 755 institutis
562 697 682 770 eorum,
705 711 725 752 a
747 689 863 772 quibus
887 693 978 754 ortus
1001 694 1081 772 erat,

8 789 10 854 ξ
77 775 192 864 idone
223 776 395 862 magnifica
426 776 521 860 quusi
554 777 732 844 libamenta
762 776 955 860 praedarum
986 780 1028 859 [p.
1048 794 1080 843 re

8 865 9 906 ³
76 865 223 950 Delphos
246 865 288 933 ad
305 864 492 950 Apollinem
514 863 612 933 misit.
936 871 939 876 ’
1034 899 1035 904 1
1091 919 1134 983 25

8 1027 9 1032 γ
114 970 117 976 ·
140 952 206 1021 Hic
232 952 288 1021 ille
315 953 381 1018 iam
403 957 546 1024 vertetur
568 953 670 1037 orbiu,
697 953 787 1021 cuius
810 955 993 1022 naturalem
1015 976 1081 1019 mo·
1100 997 1133 1045 45

75 1047 147 1110 tum
175 1045 273 1125 atque
299 1042 469 1108 circuitum
492 1065 512 1108 e
533 1041 639 1126 primo
662 1042 776 1108 discite
799 1042 1003 1128 adgnoscere.
1043 1043 1082 1106 ld

43 1131 168 1202 oenim,
186 1133 237 1194 eet
260 1134 357 1214 ceput
379 1130 485 1199 civilis
506 1130 707 1215 prudentiae,
729 1130 764 1194 in
787 1153 851 1214 qua
873 1130 979 1195 onmis
1000 1131 1081 1196 haec

8 1253 9 1298 3
76 1221 192 1284 nostra
214 1222 364 1284 versatur
385 1219 499 1302 oratio,
520 1218 631 1284 videre
652 1219 769 1284 itinera
791 1220 955 1302 flexusque
973 1240 1081 1284 rerum

8 1337 9 1348 ¹
76 1307 290 1392 publicanum,
312 1310 454 1389 ut,cun1
477 1306 597 1389 sciatis,
621 1329 684 1390 quo
707 1329 853 1391 quaeque
871 1329 922 1372 res
941 1307 1082 1391 inclinet,

8 1445 9 1450 η
75 1395 216 1462 retinere
229 1397 287 1459 eut
301 1397 377 1460 ente
386 1394 519 1479 possitis
532 1391 536 1481 l
548 1415 722 1462 occurrere.
745 1394 831 1462 Nam
840 1395 971 1479 rexille,
982 1397 1083 1476 [puto

77 1485 113 1550 de
138 1503 203 1568 quo
226 1483 349 1567 loquor,
372 1483 513 1567 primum
535 1481 651 1567 optimi
675 1483 763 1569 regie
786 1484 882 1548 caede
900 1485 1081 1549 maculatus

44 1590 66 1630 1⁵
77 1571 208 1658 integre
228 1575 337 1638 mente
354 1593 420 1638 non
437 1575 516 1653 erat,
539 1573 572 1636 et
590 1593 663 1636 oum
681 1575 838 1636 metueret
855 1572 926 1655 ipse
943 1577 1082 1656 poenam

77 1659 208 1727 sceleris
232 1659 282 1723 sui
307 1681 474 1742 summam,
497 1658 598 1723 metui
621 1680 655 1722 ιθ
677 1659 822 1742 volebat3
846 1659 957 1723 deinde
980 1660 1080 1724 ricto-

76 1749 133 1816 riis
170 1747 357 1831 divitiisque
389 1747 544 1814 anbnixus
577 1747 745 1812 exultabat
773 1747 947 1812 insolentia
977 1769 1081 1832 neque

8 1905 9 1908 ,
76 1859 152 1904 auce
186 1857 293 1902 mores
325 1855 437 1921 regere
468 1839 598 1919 poterat
629 1844 732 1918 neque
762 1856 893 1901 suorum
922 1835 1081 1900 libidines.

8 1931 9 1968 ³
75 1926 192 2010 Itaque
206 1946 280 1992 eum
294 1924 397 1990 maior
411 1923 478 1990 eius
492 1923 579 1988 filius
593 1923 769 2005 Lucretiae,
789 1921 972 2007 Tricipitini
984 1923 1080 2006 filiae,
1099 1939 1134 1987 46

44 2013 245 2082 occultunt
272 2011 378 2095 uxori,
398 2011 474 2078 ¹vim
501 2011 666 2076 attulisset
692 2011 871 2094 mulierque
898 2011 1021 2095 pudens
1049 2015 1083 2076 et

76 2099 207 2186 nolbilia
231 2100 273 2166 ob
291 2100 385 2166 illam
403 2100 554 2166 iniuriam
573 2119 644 2164 sese
661 2099 732 2184 ipsa
751 2101 856 2164 morte
874 2098 955 2164 mul·
974 2102 1013 2180 [p.
1030 2115 1082 2164 256

8 2267 9 2270 Ἴ
76 2191 224 2273 cavisset,
246 2191 316 2253 tum
339 2188 389 2253 vir
411 2187 541 2274 ingenio
560 2192 593 2253 et
610 2188 731 2253 virtute
749 2191 929 2272 praestans,
951 2187 986 2252 L.
1003 2186 1082 2253 Bru-

77 2283 143 2362 tus,
173 2277 299 2362 depulit
326 2299 346 2341 e
373 2275 496 2340 civibus
525 2276 590 2339 suis
614 2275 769 2350 iniustum
792 2275 872 2340 illud
897 2275 995 2339 durae
1019 2297 1082 2340 ser-

78 2366 193 2432 vitutis
225 2365 346 2450 iugum.
391 2361 454 2438 Qui
480 2385 553 2428 cum
579 2362 724 2448 privatus
753 2367 851 2445 esset,
882 2365 986 2426 totam
1013 2384 1083 2428 rem

43 2471 66 2511 2⁵
79 2453 246 2540 publicam
273 2452 427 2518 sustinuit
454 2451 639 2536 primusque
667 2453 701 2515 in
726 2450 789 2516 hac
816 2450 948 2515 civitate
975 2451 1083 2515 denuit

78 2544 112 2608 in
140 2541 362 2608 conservanda
388 2539 506 2606 civium
534 2538 685 2604 libertate
708 2561 777 2604 esse
799 2538 963 2623 privatum
985 2539 1083 2603 nemi-

79 2653 163 2698 nem.
200 2628 271 2706 Quo
295 2632 425 2694 auctore
443 2631 479 2694 et
495 2626 638 2712 principe
657 2628 819 2694 concitata
837 2625 952 2692 civitas
973 2626 1083 2692 etheo

78 2718 203 2786 recenti
234 2714 387 2802 queirella
413 2715 582 2782 Lucretiae
613 2715 715 2798 patris
749 2737 786 2780 ac
814 2714 943 2800 propin·
970 2716 1012 2795 [p.
1032 2729 1083 2779 neo

80 2828 218 2892 quorum
250 2809 284 2870 et
314 2804 536 2870 recordatione
569 2803 737 2887 superbiae
769 2802 937 2887 Tarquinii
967 2803 1084 2868 multa-

44 2911 67 2952 ³⁰
80 2915 216 2980 rumque
245 2893 435 2958 iniuriarum
466 2896 499 2958 et
530 2891 633 2976 ipsius
661 2895 693 2957 et
719 2891 861 2958 filiorum
893 2891 1019 2956 exulem
1052 2894 1085 2956 et

80 3003 192 3069 regem
213 2982 320 3066 ipsum
341 2983 375 3047 et
397 2980 517 3046 liberos
540 2979 608 3045 eius
632 2982 665 3044 et
687 2983 817 3064 gentem
835 2978 1085 3063 Tarquiniorum

80 3093 150 3138 esse
173 3071 277 3136 iussit.
977 3097 982 3108 ¹

145 3157 315 3224 Videtisne
332 3157 443 3243 igitur,
460 3162 498 3222 ut
516 3156 554 3220 de
569 3175 645 3240 rege
659 3155 806 3220 dominus
820 3155 964 3218 extiterit
977 3155 1085 3220 unius-
1095 3117 1136 3241 {id

80 3270 143 3333 que
170 3247 252 3313 vitio
275 3267 377 3333 genus
400 3245 447 3308 rei
469 3244 617 3329 publicae
640 3265 679 3307 ex
701 3243 787 3308 bono
809 3242 844 3306 in
866 3242 1084 3306 deterrumum

43 3351 68 3391 ³⁵
81 3357 273 3403 conversum
299 3335 366 3400 eit?
399 3331 461 3398 Hic
484 3336 534 3397 est
556 3331 643 3396 enim
665 3330 813 3396 dominus
836 3329 962 3414 populi,
989 3351 1085 3413 quem

82 3424 197 3490 Graeci
228 3419 411 3506 tyranlnum
442 3422 573 3503 vocant3
604 3441 680 3484 narn
710 3439 820 3503 regem
849 3418 942 3484 illum
972 3419 1013 3498 [p.
1033 3433 1084 3482 ate

80 3513 197 3578 volunt
220 3531 301 3592 esse,
322 3509 377 3593 qui
400 3507 540 3575 consulit
562 3511 599 3572 ut
620 3527 737 3592 parens
760 3505 881 3591 populo
903 3510 1086 3572 conservat-

111 3663 123 3678 ,
134 3632 189 3673 010.
202 3631 244 3673 Π.
262 3632 281 3671 2.
838 3612 872 3661 21
