2458 3934
315 200 383 257 ΜΒ.
402 201 423 257 1.
444 201 519 258 OAP.
540 207 652 258 al—as.
671 209 686 269 s
704 209 818 260 49-54.
1004 206 1067 270 165

136 343 191 407 llst
214 345 299 429 apud
320 344 493 411 Platonem
516 344 679 432 Socratae,
701 369 775 413 cum
798 353 884 414 esset
906 349 941 413 in
963 353 1120 422 custo-25

83 429 125 494 dia
146 432 286 516 publica,
315 433 423 499 dicens
452 433 590 519 Critoni,
620 457 678 502 suo
705 435 874 521 familiari,
902 437 965 516 sibi
992 441 1068 523 post

81 519 195 584 tertium
222 519 309 585 diem
337 543 408 586 esse
435 523 651 608 moriendum3
680 524 800 590 vidisse
827 547 862 589 se
888 525 923 590 in
946 526 1068 590 somnis

79 607 300 690 pulchritudine
323 610 441 674 eximia
463 610 625 695 feminam,
650 634 731 696 quae
754 634 788 678 se
811 613 940 678 nomine
960 615 1068 700 appel-

60 695 138 759 ⁵lans
163 696 281 762 diceret
304 697 513 764 Homericum
541 700 701 783 quendam
724 701 792 764 eius
815 702 904 766 modi
925 723 1068 767 versum:

114 782 240 849 Tertia
258 790 300 850 te
323 785 489 852 Phthiae
511 791 724 873 tempestas
747 789 853 853 laeta
875 790 1032 854 locabit.

78 869 167 956 Quod,
193 879 230 937 ut
257 877 308 938 est
332 873 466 958 dictum,
494 875 541 941 sic
563 876 715 941 scribitur
737 877 921 961 contigisse.
965 876 1069 942 Xeno·

76 959 152 1043 phon
178 957 362 1027 Socraticus
391 961 461 1048 (qui
488 963 539 1028 vir
566 967 599 1028 et
626 961 795 1049 quantusl)
822 965 858 1027 in
881 985 919 1029 ea
941 965 1069 1048 militia,

77 1069 130 1131 qua
150 1070 222 1114 cum
236 1047 321 1133 Syro
345 1051 469 1116 minore
487 1051 675 1137 perfunctus
695 1055 753 1135 est,
777 1073 835 1116 sua
854 1053 968 1117 scribit
987 1074 1070 1117 som·

49 1152 66 1190 ¹⁰
76 1136 132 1221 nia,
161 1159 301 1222 quorum
331 1144 464 1204 eventus
494 1140 660 1205 mirabiles
691 1141 893 1205 exstiterunt.
938 1139 1070 1204 Mentiri
1088 1157 1121 1206 53

75 1223 313 1311 Xenophontem
341 1249 384 1292 an
411 1227 547 1294 delirare
575 1229 739 1293 dicemus?
778 1227 880 1304 Quid?
911 1229 1071 1315 singulari

75 1313 554 1470 lattsstttttldtd
569 1339 682 1470 tltt
703 1316 956 1471 Attide?
977 1322 1071 1469 th*

15 1487 16 1490 ’
75 1487 259 1556 familiarem
282 1513 389 1576 suum,
411 1455 475 1557 itbr
496 1493 531 1557 in
553 1492 774 1558 Macedoniam
796 1429 976 1558 facientehi)
990 1456 1071 1558 Phes

50 1591 120 1642 1⁵ras
135 1580 271 1664 venisse,
290 1601 372 1664 quae
391 1584 461 1645 erat
479 1581 557 1646 urbs
574 1582 610 1645 in
623 1581 793 1645 Thessalia
810 1585 880 1645 tum
899 1581 1071 1645 admodum

15 1743 16 1752 ἵ
75 1667 193 1751 nobilis,
216 1668 258 1732 ab
275 1667 460 1734 Alexandro
480 1672 589 1734 autem
607 1673 746 1752 tyranno
765 1669 887 1734 erudeli
905 1669 1072 1733 dominatu

15 1819 16 1844 ,
76 1756 250 1839 tenebatur,
279 1756 315 1820 in
344 1779 381 1822 eo
410 1757 512 1844 igitur
541 1757 660 1843 oppido
690 1756 738 1820 ita
766 1757 910 1841 graviter
938 1776 1073 1842 aegrum

15 1853 16 1912 3
76 1839 245 1908 lludemum
262 1844 372 1928 fuisse,
390 1849 427 1910 ut
446 1867 557 1911 omnes
576 1844 691 1910 medici
709 1844 904 1928 diffiderent3
924 1843 1073 1910 cinisum

76 1929 105 1996 in
133 1932 241 2016 quiete
269 1933 401 2018 egregia
427 1933 509 2000 facie
536 1934 684 1998 iuvenem
710 1932 815 1998 dicere
842 1933 912 1997 fore
938 1937 977 1997 ut
1003 1954 1073 2018 per·

15 2065 16 2072 κ
49 2017 156 2084 abrevi
178 2023 428 2106 convalesceret,
450 2022 624 2108 paucisque
644 2021 755 2086 diebus
773 2022 982 2086 interiturum
999 2021 1073 2084 Ale·

15 2121 16 2130 ’
76 2108 224 2172 randrum
243 2111 426 2194 tyrannum,
444 2111 552 2196 ipsum
570 2114 678 2174 autem
696 2109 877 2175 Eudemum
898 2111 1073 2195 quinquen·

76 2195 123 2260 nio
148 2201 226 2282 post
254 2197 384 2263 domum
413 2219 494 2262 esse
509 2198 696 2262 rediturum.
741 2199 850 2281 Atque
872 2200 921 2262 ita
943 2198 1073 2282 quidem

77 2283 173 2366 prima
201 2286 315 2350 statim
338 2287 451 2352 scribit
473 2287 669 2352 Aristoteles
692 2291 877 2369 consecuta,
904 2290 937 2350 et
959 2307 1074 2350 conva-

77 2371 165 2436 luisse
192 2373 388 2458 Eudemum,
418 2379 450 2439 et
478 2375 519 2440 ab
546 2375 656 2440 uxoris
682 2374 839 2439 fratribus
867 2371 1073 2437 interfectum

49 2461 256 2545 ²⁵tyrannum3
279 2463 392 2546 quinto
412 2467 521 2528 autem
539 2485 622 2527 anno
642 2466 785 2544 exeunte,
804 2483 876 2526 cum
895 2463 981 2524 esset
999 2481 1073 2545 spes

78 2568 110 2611 ex
134 2549 194 2614 illo
217 2551 342 2616 somnio
366 2551 400 2615 in
423 2550 566 2636 Cyprum
588 2552 682 2614 illum
706 2571 744 2614 ex
767 2547 878 2613 Sicilia
901 2569 971 2612 esse
993 2548 1074 2613 redi-

78 2638 192 2721 turum,
221 2639 435 2723 proeliantem
466 2661 538 2704 eum
566 2640 607 2706 ad
634 2636 810 2721 Syracusas
838 2636 1004 2720 occidisse;
1036 2658 1075 2700 ex

78 2744 133 2806 quo
159 2726 208 2790 ita
234 2726 316 2790 illud
344 2727 506 2792 somnium
534 2748 603 2792 esse
630 2726 894 2811 interpretatum,
923 2728 972 2808 ut,
1002 2746 1075 2788 cum

77 2813 196 2877 animus
219 2812 356 2878 Eudemi
379 2837 396 2879 e
419 2837 552 2901 corpore
576 2815 757 2894 excesserit,
780 2816 851 2877 tum
875 2813 1005 2878 domum
1028 2835 1075 2877 re·

48 2902 206 2966 ³⁰vertisse
238 2902 394 2967 videatur.
439 2901 663 2989 Adiungamus
694 2901 899 2988 philosophis
931 2901 1076 2967 doctissi·
1094 2913 1128 2962 54

77 3009 158 3054 mum
180 2989 359 3074 hominem,
381 2995 513 3076 politam
537 2991 666 3075 quidem
689 2989 845 3074 divinum,
869 2987 1076 3075 Sophoclem3

77 3077 138 3160 qni,
164 3101 238 3144 cum
266 3101 305 3143 ex
333 3080 410 3144 aede
432 3078 582 3145 Herculis
609 3082 724 3164 patera
751 3101 848 3143 aurea
871 3079 980 3164 gravis
1004 3078 1077 3141 sub·

76 3170 163 3251 repta
181 3171 278 3251 esset,
300 3167 335 3232 in
354 3168 476 3233 somnis
494 3168 577 3233 vidit
595 3169 702 3251 ipsum
721 3168 815 3232 deum
835 3167 1002 3248 dicentem,
1021 3165 1076 3246 qui

76 3252 105 3316 id
125 3253 264 3320 fecisset.
302 3254 394 3331 Quod
418 3257 517 3321 semel
540 3256 595 3320 ille
619 3257 800 3340 iterumque
822 3253 973 3336 neglexit.
1011 3250 1078 3315 Ubi

47 3351 66 3392 ³⁵
77 3341 155 3408 idem
179 3344 318 3428 saepius,
341 3344 486 3410 ascendit
508 3344 544 3407 in
564 3344 680 3408 Arium
703 3364 834 3429 pagum,
857 3339 973 3404 detulit
995 3361 1078 3422 rem,

77 3427 292 3518 Areopagitae
316 3432 533 3519 conprehendi
555 3432 669 3496 iubent
692 3453 773 3514 eum,
797 3429 852 3513 qui
876 3450 896 3492 a
918 3426 1078 3512 Sophocle

34 3571 36 3575 .
78 3523 141 3584 erat
167 3521 370 3606 nominatus,
396 3520 441 3598 is„
454 3520 643 3604 quaestione
672 3518 818 3584 adhibita
841 3515 1006 3581 confessus
1029 3519 1079 3578 est
1212 3533 1213 3540 ¹
