2458 3934
295 216 363 273 Lus.
383 215 431 270 111.
451 217 527 272 cAP.
546 224 657 272 ae-ar.
683 225 830 284 §ae-ar.
1002 220 1064 284 127

76 353 143 420 love
164 361 196 422 et
211 357 408 444 Proserpina
428 364 550 445 natum,
574 359 747 428 secundum
761 361 848 448 Nilo,
871 363 925 447 qui
939 361 1064 448 Nysam

77 443 180 509 dicitur
201 446 414 531 interemisse,
436 449 569 513 tertium
591 448 710 515 Cabiro
732 456 835 535 patre,
857 472 994 535 eumque
1017 473 1064 516 re

72 552 139 616 gem
159 533 257 598 Asiae
284 536 463 619 praefuisse
490 535 614 620 dieunt,
641 538 693 604 eui
716 536 852 603 Sabazia
875 544 951 604 sunt
972 539 1064 604 insti·

70 623 143 704 tuta,
165 626 317 705 quartum
334 622 411 688 Iove
435 628 468 689 et
485 624 585 707 Luna,
608 626 659 690 cui
682 647 773 692 saera
786 625 928 712 Orphica
949 630 1064 712 putan-

48 711 117 772 rtur
142 710 267 793 confici,
300 711 449 795 quintum
470 710 553 777 Niso
578 717 693 778 natum
719 717 753 779 et
775 712 923 799 Thyone,
952 737 972 780 a
1000 736 1063 800 quo

67 795 254 863 Trieterides
277 800 660 885 const‘tutae'putantur.
704 801 814 866 Venus
837 804 943 887 prima
965 801 1063 868 Caelo
1083 815 1118 865 59

68 888 96 947 et
120 883 181 950 Die
211 890 304 970 nata,
336 887 425 952 euius
452 887 546 953 Elide
578 888 748 954 delubrum
775 889 928 972 vidimus,
959 890 1064 955 altera

68 993 175 1055 spuma
201 978 386 1059 procreata,
413 997 452 1040 ex
480 997 543 1059 qna
566 979 599 1040 et
620 977 780 1042 Mercurio
803 975 994 1062 Cupidinem
1018 999 1064 1042 se·

68 1060 199 1126 cundum
221 1065 337 1127 natum
359 1063 548 1147 accepimus,
572 1065 671 1129 tertia
693 1064 771 1129 Iove
792 1069 871 1130 nata
893 1069 927 1130 et
948 1064 1063 1149 Diona,

40 1163 59 1200 1⁰
70 1169 143 1230 quae
168 1150 284 1235 nupsit
306 1149 465 1235 Volcano,
495 1152 552 1216 sed
574 1173 613 1217 ex
635 1174 674 1216 ea
696 1156 730 1217 et
752 1151 857 1218 Marte
879 1157 975 1218 natus
999 1152 1064 1216 An·

69 1239 146 1302 teros
175 1237 307 1321 dicitnr,
335 1242 452 1322 quarta
474 1237 567 1324 Syria
589 1238 759 1326 Cyproque
787 1245 954 1326 concepta,
982 1262 1064 1325 quae

70 1321 193 1390 Astarte
216 1329 361 1410 vocatur,
384 1347 481 1410 quam
497 1327 638 1393 Adonidi
655 1329 804 1415 nupsisse
822 1330 986 1414 proditum
1005 1333 1064 1393 est.

69 1410 206 1478 Minerva
235 1414 354 1498 prima,
384 1435 481 1497 quam
503 1414 667 1500 Apollinis
694 1421 833 1482 matrem
861 1439 959 1502 supra
986 1417 1062 1481 dixi·

71 1521 142 1582 mus,
167 1501 309 1566 secunda
332 1504 404 1566 orta
422 1501 508 1585 Nilo,
532 1524 628 1587 quam
645 1504 802 1590 Aegyptii
816 1502 926 1569 Saitae
944 1504 1064 1587 colunt,

43 1588 159 1652 1⁵tertia
189 1589 262 1672 illa,
293 1610 390 1673 quam
421 1590 543 1656 anve
576 1595 763 1676 generatam
790 1613 889 1675 supra
916 1591 1064 1675 diximus,

71 1680 177 1758 quarta
199 1675 278 1741 Iove
300 1681 379 1742 nata
401 1681 435 1743 et
457 1677 620 1763 Coryphe,
642 1677 760 1743 Oceani
783 1678 861 1763 filia,
885 1699 982 1761 quam
1005 1678 1065 1741 Ar·

70 1763 154 1828 cades
178 1768 215 1829 K
214 1767 312 1847 ορίαν
337 1766 509 1831 nominant
536 1769 569 1832 et
596 1765 827 1850 quadrigarum
853 1765 1065 1831 inventricem

8 1841 10 1929 i
69 1848 176 1936 ferunt,
190 1852 307 1935 quinta
314 1852 484 1938 Pallantis,
498 1874 580 1937 quae
593 1856 720 1939 patrem
734 1853 851 1918 dicitnr
864 1851 1065 1917 interemisse

8 1937 9 1960 ‘
41 1939 872 2114 2.bulthalmottllttttlttetlt
891 1941 1066 2094 tlmdltl
1085 2040 1119 2090 a

68 2117 167 2200 prima
187 2119 286 2182 natus
310 2117 435 2200 dicitnr,
458 2117 614 2182 secundus
636 2116 795 2182 Mercurio
820 2121 853 2182 et
870 2115 996 2182 Venere
1019 2137 1066 2181 se·

68 2206 173 2289 cunda,
195 2205 322 2289 tertius,
346 2205 401 2290 qui
423 2205 508 2270 idem
529 2209 579 2270 est
597 2204 748 2290 Anteros,
770 2204 875 2270 Marte
894 2208 928 2270 et
940 2203 1065 2270 Venere

67 2293 167 2359 tertia
212 2292 323 2377 Atque
346 2294 426 2358 haec
450 2293 578 2377 quidem
601 2294 728 2377 aliaque
752 2292 931 2358 eiusmodi
954 2313 993 2357 ex
1014 2313 1066 2356 ve·

67 2384 128 2448 tere
156 2380 313 2446 Graeciae
343 2381 433 2447 fama
464 2382 601 2446 collecta
632 2385 721 2464 sunt,
753 2382 869 2465 quibus
899 2378 1065 2463 intellegis

40 2468 278 2536 ²⁵resistendum
301 2491 383 2554 esse,
412 2491 453 2534 ne
474 2469 706 2555 perturbentur
728 2469 910 2553 religiones.
954 2465 1066 2530 Vestri

68 2563 171 2623 autem
202 2578 271 2622 non
301 2557 396 2622 modo
428 2557 508 2623 haec
536 2577 603 2623 non
630 2555 797 2638 refellunt,
826 2575 939 2618 verum
967 2553 1065 2617 etiam

67 2647 256 2710 confirmant
278 2645 534 2730 interpretando,
557 2666 710 2729 quorsum
734 2642 874 2727 quidque
895 2641 1065 2727 pertineat.

69 2730 124 2798 Sed
145 2755 184 2799 eo
208 2733 285 2817 iam,
306 2734 390 2798 unde
412 2734 475 2798 huc
497 2733 636 2818 digressi
659 2753 779 2815 sumus,
801 2733 1010 2795 revertamur.

127 2821 218 2888 Num
240 2841 350 2886 censes
373 2821 475 2907 igitur
497 2820 668 2886 subtiliore
691 2819 817 2884 ratione
836 2839 917 2904 opus
936 2837 1045 2883 ossea

41 2907 141 2976 rhea
162 2908 363 2975 refellenda?
408 2907 494 2973 Nam
516 2913 670 2992 mentem,
696 2907 807 2991 fidem,
836 2927 940 2991 spem,
967 2905 1066 2972 virtu·

69 3000 137 3082 tem,
158 2999 326 3081 honorem,
348 2997 528 3080 victoriam,
551 2997 699 3081 salutem,
722 2995 926 3060 concordiam
949 2998 1067 3060 cetera·

72 3107 124 3169 que
142 3086 212 3151 eius
231 3085 319 3151 modi
337 3106 444 3150 rerum
460 3085 528 3149 vim
540 3084 660 3149 habere
674 3083 828 3168 videmus,
846 3105 912 3148 non
926 3083 1066 3148 deorum.

71 3173 130 3239 Aut
152 3173 239 3240 enim
261 3173 297 3237 in
317 3173 480 3238 nobismet
502 3175 612 3236 insunt
634 3171 723 3256 ipsis,
745 3176 783 3236 ut
801 3193 902 3254 mens,
924 3173 961 3234 ut
984 3189 1066 3253 spes,

72 3265 102 3324 ut
121 3261 216 3345 fides,
242 3265 280 3326 ut
302 3261 420 3344 virtus,
442 3263 481 3325 ut
503 3260 686 3342 concordia,
710 3264 766 3326 aut
789 3257 950 3343 optandae
971 3255 1067 3320 nobis

46 3354 151 3432 ⁸⁶sunt,
178 3352 218 3415 ut
239 3348 358 3434 honos,
379 3351 419 3414 ut
440 3349 541 3432 salus,
563 3352 601 3412 nt
622 3347 773 3430 victoria3
802 3366 938 3428 quarum
961 3363 1067 3406 rerum

75 3437 242 3504 utilitatem
273 3437 381 3521 video,
412 3435 505 3501 video
538 3435 637 3500 etiam
669 3437 856 3500 consecrata
883 3430 1069 3514 simulacra3

76 3545 161 3608 quare
185 3528 297 3592 autem
318 3524 416 3590 iniis
438 3524 488 3588 vis
512 3523 644 3588 deornm
666 3522 754 3602 insit,
777 3524 847 3583 tum
869 3516 1068 3602 intellegam,
