<?xml version="1.0" encoding="UTF-8"?>
<!DOCTYPE html PUBLIC "-//W3C//DTD XHTML 1.0 Transitional//EN"
    "http://www.w3.org/TR/xhtml1/DTD/xhtml1-transitional.dtd">
<html xmlns="http://www.w3.org/1999/xhtml" xml:lang="en" lang="en">
 <head>
  <title>
</title>
<meta http-equiv="Content-Type" content="text/html;charset=utf-8" />
  <meta name='ocr-system' content='tesseract 3.04.00' />
  <meta name='ocr-capabilities' content='ocr_page ocr_carea ocr_par ocr_line ocrx_word'/>
</head>
<body>
  <div class='ocr_page' id='page_1' title='image "./mtulliiciceroni03mlgoog_0069.png"; bbox 0 0 2490 3950; ppageno 0'>
   <div class='ocr_carea' id='block_1_1' title="bbox 165 177 859 248">
    <p class='ocr_par' dir='ltr' id='par_1_1' title="bbox 165 177 859 248">
     <span class='ocr_line' id='line_1_1' title="bbox 165 177 859 248; baseline 0 -16"><span class='ocrx_word' id='word_1_1' title='bbox 165 183 207 248; x_wconf 81' lang='lat'>16</span> <span class='ocrx_word' id='word_1_2' title='bbox 469 180 518 234; x_wconf 82' lang='lat' dir='ltr'>DE</span> <span class='ocrx_word' id='word_1_3' title='bbox 536 179 689 234; x_wconf 77' lang='lat' dir='ltr'>NATURA</span> <span class='ocrx_word' id='word_1_4' title='bbox 705 177 859 232; x_wconf 79' lang='lat' dir='ltr'><strong>DEORUM</strong></span> 
     </span>
    </p>
   </div>
   <div class='ocr_carea' id='block_1_2' title="bbox 111 319 1237 3567">
    <p class='ocr_par' dir='ltr' id='par_1_2' title="bbox 156 319 1237 1026">
     <span class='ocr_line' id='line_1_2' title="bbox 164 319 1190 409; baseline -0.01 -17"><span class='ocrx_word' id='word_1_5' title='bbox 164 326 318 392; x_wconf 83' lang='lat' dir='ltr'>membris</span> <span class='ocrx_word' id='word_1_6' title='bbox 342 325 479 409; x_wconf 83' lang='lat' dir='ltr'><strong>simplex</strong></span> <span class='ocrx_word' id='word_1_7' title='bbox 502 325 546 388; x_wconf 87' lang='lat' dir='ltr'>sit</span> <span class='ocrx_word' id='word_1_8' title='bbox 568 323 731 409; x_wconf 89' lang='lat' dir='ltr'>putandus</span> <span class='ocrx_word' id='word_1_9' title='bbox 754 322 845 404; x_wconf 88' lang='lat' dir='ltr'>deus,</span> <span class='ocrx_word' id='word_1_10' title='bbox 869 320 1042 404; x_wconf 90' lang='lat' dir='ltr'>septimum</span> <span class='ocrx_word' id='word_1_11' title='bbox 1064 319 1190 384; x_wconf 89' lang='lat' dir='ltr'>solem</span> 
     </span>
     <span class='ocr_line' id='line_1_3' title="bbox 165 407 1189 498; baseline -0.01 -18"><span class='ocrx_word' id='word_1_12' title='bbox 165 414 313 498; x_wconf 87' lang='lat' dir='ltr'>adiungit</span> <span class='ocrx_word' id='word_1_13' title='bbox 336 416 549 496; x_wconf 75' lang='lat' dir='ltr'>octavamque</span> <span class='ocrx_word' id='word_1_14' title='bbox 571 413 696 494; x_wconf 80' lang='lat' dir='ltr'>lunam3</span> <span class='ocrx_word' id='word_1_15' title='bbox 720 410 857 494; x_wconf 90' lang='lat' dir='ltr'>quiquo</span> <span class='ocrx_word' id='word_1_16' title='bbox 876 407 1080 472; x_wconf 87' lang='lat' dir='ltr'>sensubeati</span> <span class='ocrx_word' id='word_1_17' title='bbox 1100 428 1189 472; x_wconf 87' lang='lat' dir='ltr'>esse</span> 
     </span>
     <span class='ocr_line' id='line_1_4' title="bbox 164 495 1188 588; baseline -0.009 -21"><span class='ocrx_word' id='word_1_18' title='bbox 164 502 305 588; x_wconf 78' lang='lat' dir='ltr'><strong>possint,</strong></span> <span class='ocrx_word' id='word_1_19' title='bbox 341 500 490 586; x_wconf 74' lang='lat' dir='ltr'>intellegi</span> <span class='ocrx_word' id='word_1_20' title='bbox 524 521 591 564; x_wconf 92' lang='lat' dir='ltr'>non</span> <span class='ocrx_word' id='word_1_21' title='bbox 626 502 744 584; x_wconf 84' lang='lat' dir='ltr'>potest.</span> <span class='ocrx_word' id='word_1_22' title='bbox 797 497 847 562; x_wconf 82' lang='lat' dir='ltr'>Ex</span> <span class='ocrx_word' id='word_1_23' title='bbox 879 495 990 560; x_wconf 88' lang='lat' dir='ltr'>eadem</span> <span class='ocrx_word' id='word_1_24' title='bbox 1020 495 1188 560; x_wconf 87' lang='lat' dir='ltr'>Platonis</span> 
     </span>
     <span class='ocr_line' id='line_1_5' title="bbox 166 583 1189 672; baseline -0.008 -18"><span class='ocrx_word' id='word_1_25' title='bbox 166 591 277 654; x_wconf 81' lang='lat' dir='ltr'>schola</span> <span class='ocrx_word' id='word_1_26' title='bbox 299 589 453 654; x_wconf 85' lang='lat' dir='ltr'>Ponticus</span> <span class='ocrx_word' id='word_1_27' title='bbox 476 587 663 654; x_wconf 78' lang='lat' dir='ltr'>Heraclides</span> <span class='ocrx_word' id='word_1_28' title='bbox 690 586 868 672; x_wconf 80' lang='lat' dir='ltr'>puerilibus</span> <span class='ocrx_word' id='word_1_29' title='bbox 896 583 1017 649; x_wconf 87' lang='lat' dir='ltr'>fabulis</span> <span class='ocrx_word' id='word_1_30' title='bbox 1039 583 1189 648; x_wconf 81' lang='lat' dir='ltr'>refersit</span> 
     </span>
     <span class='ocr_line' id='line_1_6' title="bbox 165 671 1237 758; baseline -0.01 -15"><span class='ocrx_word' id='word_1_31' title='bbox 165 679 267 743; x_wconf 90' lang='lat' dir='ltr'>libros</span> <span class='ocrx_word' id='word_1_32' title='bbox 298 682 330 742; x_wconf 90' lang='lat' dir='ltr'>et</span> <span class='ocrx_word' id='word_1_33' title='bbox 356 679 453 742; x_wconf 91' lang='lat' dir='ltr'>modo</span> <span class='ocrx_word' id='word_1_34' title='bbox 481 677 648 758; x_wconf 92' lang='lat' dir='ltr'>mundum,</span> <span class='ocrx_word' id='word_1_35' title='bbox 675 680 746 739; x_wconf 88' lang='lat' dir='ltr'>tum</span> <span class='ocrx_word' id='word_1_36' title='bbox 768 676 910 738; x_wconf 89' lang='lat' dir='ltr'>mentem</span> <span class='ocrx_word' id='word_1_37' title='bbox 932 671 1076 736; x_wconf 87' lang='lat' dir='ltr'>divinam</span> <span class='ocrx_word' id='word_1_38' title='bbox 1100 692 1187 735; x_wconf 87' lang='lat' dir='ltr'>esse</span> <span class='ocrx_word' id='word_1_39' title='bbox 1220 688 1237 732; x_wconf 71' lang='lat' dir='ltr'>a</span> 
     </span>
     <span class='ocr_line' id='line_1_7' title="bbox 156 759 1189 852; baseline -0.007 -22"><span class='ocrx_word' id='word_1_40' title='bbox 156 770 269 852; x_wconf 86' lang='lat' dir='ltr'>putat,</span> <span class='ocrx_word' id='word_1_41' title='bbox 292 766 475 830; x_wconf 86' lang='lat' dir='ltr'>errantibus</span> <span class='ocrx_word' id='word_1_42' title='bbox 499 765 598 828; x_wconf 91' lang='lat' dir='ltr'>etiam</span> <span class='ocrx_word' id='word_1_43' title='bbox 618 763 724 827; x_wconf 89' lang='lat' dir='ltr'>stellis</span> <span class='ocrx_word' id='word_1_44' title='bbox 743 761 946 826; x_wconf 83' lang='lat' dir='ltr'>divinitatem</span> <span class='ocrx_word' id='word_1_45' title='bbox 964 759 1083 824; x_wconf 86' lang='lat' dir='ltr'>tribuit</span> <span class='ocrx_word' id='word_1_46' title='bbox 1102 781 1189 824; x_wconf 88' lang='lat' dir='ltr'>sen·</span> 
     </span>
     <span class='ocr_line' id='line_1_8' title="bbox 166 848 1187 938; baseline -0.007 -20"><span class='ocrx_word' id='word_1_47' title='bbox 166 875 267 938; x_wconf 88' lang='lat' dir='ltr'>suque</span> <span class='ocrx_word' id='word_1_48' title='bbox 297 854 391 919; x_wconf 91' lang='lat' dir='ltr'>deum</span> <span class='ocrx_word' id='word_1_49' title='bbox 422 853 531 938; x_wconf 84' lang='lat' dir='ltr'>privat</span> <span class='ocrx_word' id='word_1_50' title='bbox 558 856 590 916; x_wconf 92' lang='lat' dir='ltr'>et</span> <span class='ocrx_word' id='word_1_51' title='bbox 618 852 685 916; x_wconf 92' lang='lat' dir='ltr'>eius</span> <span class='ocrx_word' id='word_1_52' title='bbox 713 851 853 916; x_wconf 87' lang='lat' dir='ltr'>formam</span> <span class='ocrx_word' id='word_1_53' title='bbox 881 848 1073 914; x_wconf 74' lang='lat' dir='ltr'>mutabilem</span> <span class='ocrx_word' id='word_1_54' title='bbox 1101 869 1187 914; x_wconf 86' lang='lat' dir='ltr'>esse</span> 
     </span>
     <span class='ocr_line' id='line_1_9' title="bbox 165 935 1187 1026; baseline -0.007 -19"><span class='ocrx_word' id='word_1_55' title='bbox 165 943 237 1006; x_wconf 88' lang='lat' dir='ltr'>vult</span> <span class='ocrx_word' id='word_1_56' title='bbox 265 943 439 1026; x_wconf 90' lang='lat' dir='ltr'>eodemque</span> <span class='ocrx_word' id='word_1_57' title='bbox 466 941 500 1006; x_wconf 92' lang='lat' dir='ltr'>in</span> <span class='ocrx_word' id='word_1_58' title='bbox 528 941 612 1004; x_wconf 90' lang='lat' dir='ltr'>libro</span> <span class='ocrx_word' id='word_1_59' title='bbox 640 961 752 1004; x_wconf 82' lang='lat' dir='ltr'>nnsus</span> <span class='ocrx_word' id='word_1_60' title='bbox 774 942 897 1002; x_wconf 78' lang='lat' dir='ltr'>terrani</span> <span class='ocrx_word' id='word_1_61' title='bbox 918 940 952 1000; x_wconf 91' lang='lat' dir='ltr'>et</span> <span class='ocrx_word' id='word_1_62' title='bbox 975 935 1102 1000; x_wconf 86' lang='lat' dir='ltr'>caelum</span> <span class='ocrx_word' id='word_1_63' title='bbox 1126 957 1187 1000; x_wconf 89' lang='lat' dir='ltr'>re-</span> 
     </span>
    </p>

    <p class='ocr_par' dir='ltr' id='par_1_3' title="bbox 111 1023 1237 1551">
     <span class='ocr_line' id='line_1_10' title="bbox 111 1023 1186 1111; baseline -0.001 -21"><span class='ocrx_word' id='word_1_64' title='bbox 111 1043 147 1092; x_wconf 78' lang='lat'>35</span> <span class='ocrx_word' id='word_1_65' title='bbox 165 1030 230 1096; x_wconf 85' lang='lat' dir='ltr'>fert</span> <span class='ocrx_word' id='word_1_66' title='bbox 258 1031 294 1094; x_wconf 90' lang='lat' dir='ltr'>in</span> <span class='ocrx_word' id='word_1_67' title='bbox 320 1031 405 1095; x_wconf 88' lang='lat' dir='ltr'>deos.</span> <span class='ocrx_word' id='word_1_68' title='bbox 450 1027 519 1094; x_wconf 88' lang='lat' dir='ltr'>Neo</span> <span class='ocrx_word' id='word_1_69' title='bbox 545 1050 623 1092; x_wconf 85' lang='lat' dir='ltr'>vero</span> <span class='ocrx_word' id='word_1_70' title='bbox 645 1025 863 1111; x_wconf 82' lang='lat' dir='ltr'>Theophrasti</span> <span class='ocrx_word' id='word_1_71' title='bbox 885 1024 1106 1090; x_wconf 83' lang='lat' dir='ltr'>inoon‘stantia</span> <span class='ocrx_word' id='word_1_72' title='bbox 1131 1023 1186 1089; x_wconf 70' lang='lat' dir='ltr'>fe</span> 
     </span>
     <span class='ocr_line' id='line_1_11' title="bbox 166 1111 1237 1200; baseline -0.006 -18"><span class='ocrx_word' id='word_1_73' title='bbox 166 1118 266 1182; x_wconf 88' lang='lat' dir='ltr'>renda</span> <span class='ocrx_word' id='word_1_74' title='bbox 292 1122 354 1200; x_wconf 73' lang='lat' dir='ltr'>est,</span> <span class='ocrx_word' id='word_1_75' title='bbox 383 1117 478 1182; x_wconf 92' lang='lat' dir='ltr'>modo</span> <span class='ocrx_word' id='word_1_76' title='bbox 506 1117 592 1180; x_wconf 91' lang='lat' dir='ltr'>enim</span> <span class='ocrx_word' id='word_1_77' title='bbox 620 1115 721 1180; x_wconf 92' lang='lat' dir='ltr'>menti</span> <span class='ocrx_word' id='word_1_78' title='bbox 748 1113 893 1180; x_wconf 86' lang='lat' dir='ltr'>divinum</span> <span class='ocrx_word' id='word_1_79' title='bbox 914 1112 1031 1176; x_wconf 89' lang='lat' dir='ltr'>tribuit</span> <span class='ocrx_word' id='word_1_80' title='bbox 1054 1111 1237 1196; x_wconf 77' lang='lat' dir='ltr'>prinei-1⁰l</span> 
     </span>
     <span class='ocr_line' id='line_1_12' title="bbox 166 1200 1185 1290; baseline -0.004 -21"><span class='ocrx_word' id='word_1_81' title='bbox 166 1209 293 1290; x_wconf 91' lang='lat' dir='ltr'>patum,</span> <span class='ocrx_word' id='word_1_82' title='bbox 325 1205 420 1269; x_wconf 92' lang='lat' dir='ltr'>modo</span> <span class='ocrx_word' id='word_1_83' title='bbox 451 1203 553 1288; x_wconf 86' lang='lat' dir='ltr'>eaelo,</span> <span class='ocrx_word' id='word_1_84' title='bbox 584 1207 655 1267; x_wconf 90' lang='lat' dir='ltr'>tum</span> <span class='ocrx_word' id='word_1_85' title='bbox 683 1206 791 1268; x_wconf 87' lang='lat' dir='ltr'>autem</span> <span class='ocrx_word' id='word_1_86' title='bbox 819 1201 920 1286; x_wconf 85' lang='lat' dir='ltr'>signis</span> <span class='ocrx_word' id='word_1_87' title='bbox 948 1200 1185 1284; x_wconf 85' lang='lat' dir='ltr'>sideribusque</span> 
     </span>
     <span class='ocr_line' id='line_1_13' title="bbox 167 1287 1184 1372; baseline -0.005 -15"><span class='ocrx_word' id='word_1_88' title='bbox 167 1293 369 1358; x_wconf 80' lang='lat' dir='ltr'>caelestibus.</span> <span class='ocrx_word' id='word_1_89' title='bbox 405 1290 474 1356; x_wconf 89' lang='lat' dir='ltr'>Neo</span> <span class='ocrx_word' id='word_1_90' title='bbox 497 1291 672 1356; x_wconf 88' lang='lat' dir='ltr'>audiendus</span> <span class='ocrx_word' id='word_1_91' title='bbox 691 1291 759 1356; x_wconf 90' lang='lat' dir='ltr'>eius</span> <span class='ocrx_word' id='word_1_92' title='bbox 778 1290 906 1354; x_wconf 87' lang='lat' dir='ltr'>auditor</span> <span class='ocrx_word' id='word_1_93' title='bbox 925 1287 1045 1372; x_wconf 85' lang='lat' dir='ltr'>Strato,</span> <span class='ocrx_word' id='word_1_94' title='bbox 1067 1288 1184 1372; x_wconf 89' lang='lat' dir='ltr'>isqui</span> 
     </span>
     <span class='ocr_line' id='line_1_14' title="bbox 167 1376 1184 1465; baseline -0.003 -21"><span class='ocrx_word' id='word_1_95' title='bbox 167 1380 319 1465; x_wconf 81' lang='lat' dir='ltr'>physicus</span> <span class='ocrx_word' id='word_1_96' title='bbox 347 1380 545 1464; x_wconf 85' lang='lat' dir='ltr'>appellatur,</span> <span class='ocrx_word' id='word_1_97' title='bbox 573 1379 627 1463; x_wconf 92' lang='lat' dir='ltr'>qui</span> <span class='ocrx_word' id='word_1_98' title='bbox 655 1401 784 1444; x_wconf 89' lang='lat' dir='ltr'>omnem</span> <span class='ocrx_word' id='word_1_99' title='bbox 805 1378 872 1442; x_wconf 83' lang='lat' dir='ltr'>vim</span> <span class='ocrx_word' id='word_1_100' title='bbox 895 1377 1038 1440; x_wconf 85' lang='lat' dir='ltr'>divinam</span> <span class='ocrx_word' id='word_1_101' title='bbox 1060 1376 1097 1440; x_wconf 93' lang='lat' dir='ltr'>in</span> <span class='ocrx_word' id='word_1_102' title='bbox 1116 1399 1184 1441; x_wconf 88' lang='lat' dir='ltr'>na·</span> 
     </span>
     <span class='ocr_line' id='line_1_15' title="bbox 167 1465 1182 1551; baseline -0.004 -19"><span class='ocrx_word' id='word_1_103' title='bbox 167 1473 242 1532; x_wconf 88' lang='lat' dir='ltr'>tura</span> <span class='ocrx_word' id='word_1_104' title='bbox 261 1468 358 1532; x_wconf 84' lang='lat' dir='ltr'>sitam</span> <span class='ocrx_word' id='word_1_105' title='bbox 376 1489 446 1532; x_wconf 89' lang='lat' dir='ltr'>esse</span> <span class='ocrx_word' id='word_1_106' title='bbox 465 1471 583 1550; x_wconf 83' lang='lat' dir='ltr'>censet,</span> <span class='ocrx_word' id='word_1_107' title='bbox 607 1489 689 1551; x_wconf 90' lang='lat' dir='ltr'>quae</span> <span class='ocrx_word' id='word_1_108' title='bbox 707 1488 820 1532; x_wconf 80' lang='lat' dir='ltr'>causes</span> <span class='ocrx_word' id='word_1_109' title='bbox 839 1465 1001 1550; x_wconf 87' lang='lat' dir='ltr'>gignendi,</span> <span class='ocrx_word' id='word_1_110' title='bbox 1024 1465 1182 1549; x_wconf 82' lang='lat' dir='ltr'>augendi,</span> 
     </span>
    </p>

    <p class='ocr_par' dir='ltr' id='par_1_4' title="bbox 117 1553 1237 1670">
     <span class='ocr_line' id='line_1_16' title="bbox 117 1553 1237 1670; baseline -0.004 -50"><span class='ocrx_word' id='word_1_111' title='bbox 117 1607 133 1669; x_wconf 72' lang='grc'>1</span> <span class='ocrx_word' id='word_1_112' title='bbox 137 1555 331 1670; x_wconf 72' lang='lat' dir='ltr'>,minuendi</span> <span class='ocrx_word' id='word_1_113' title='bbox 361 1555 495 1638; x_wconf 86' lang='lat' dir='ltr'>habeat,</span> <span class='ocrx_word' id='word_1_114' title='bbox 527 1555 583 1620; x_wconf 89' lang='lat' dir='ltr'>sed</span> <span class='ocrx_word' id='word_1_115' title='bbox 614 1559 722 1620; x_wconf 86' lang='lat' dir='ltr'>careat</span> <span class='ocrx_word' id='word_1_116' title='bbox 754 1555 842 1620; x_wconf 91' lang='lat' dir='ltr'>omni</span> <span class='ocrx_word' id='word_1_117' title='bbox 874 1575 970 1618; x_wconf 89' lang='lat' dir='ltr'>sensu</span> <span class='ocrx_word' id='word_1_118' title='bbox 997 1557 1030 1616; x_wconf 90' lang='lat' dir='ltr'>et</span> <span class='ocrx_word' id='word_1_119' title='bbox 1057 1553 1182 1638; x_wconf 84' lang='lat' dir='ltr'>figura.</span> <span class='ocrx_word' id='word_1_120' title='bbox 1200 1557 1237 1609; x_wconf 68' lang='lat'>1⁵³</span> 
     </span>
    </p>

    <p class='ocr_par' dir='ltr' id='par_1_5' title="bbox 114 1640 1237 3221">
     <span class='ocr_line' id='line_1_17' title="bbox 114 1640 1237 1733; baseline -0.003 -24"><span class='ocrx_word' id='word_1_121' title='bbox 114 1685 148 1733; x_wconf 64' lang='lat'>36</span> <span class='ocrx_word' id='word_1_122' title='bbox 167 1644 395 1727; x_wconf 84' lang='lat' dir='ltr'>Zenoautem,</span> <span class='ocrx_word' id='word_1_123' title='bbox 417 1647 455 1708; x_wconf 90' lang='lat' dir='ltr'>ut</span> <span class='ocrx_word' id='word_1_124' title='bbox 476 1644 543 1708; x_wconf 89' lang='lat' dir='ltr'>iam</span> <span class='ocrx_word' id='word_1_125' title='bbox 566 1643 607 1708; x_wconf 84' lang='lat' dir='ltr'>ad</span> <span class='ocrx_word' id='word_1_126' title='bbox 628 1647 764 1727; x_wconf 81' lang='lat' dir='ltr'>vestroe,</span> <span class='ocrx_word' id='word_1_127' title='bbox 786 1642 897 1725; x_wconf 91' lang='lat' dir='ltr'>Balbe,</span> <span class='ocrx_word' id='word_1_128' title='bbox 920 1640 1058 1724; x_wconf 88' lang='lat' dir='ltr'>veniam,</span> <span class='ocrx_word' id='word_1_129' title='bbox 1080 1644 1183 1706; x_wconf 84' lang='lat' dir='ltr'>natu·</span> <span class='ocrx_word' id='word_1_130' title='bbox 1236 1655 1237 1664; x_wconf 76' lang='grc'>’</span> 
     </span>
     <span class='ocr_line' id='line_1_18' title="bbox 167 1729 1237 1818; baseline 0 -22"><span class='ocrx_word' id='word_1_131' title='bbox 167 1733 270 1797; x_wconf 89' lang='lat' dir='ltr'>ralem</span> <span class='ocrx_word' id='word_1_132' title='bbox 288 1733 394 1818; x_wconf 85' lang='lat' dir='ltr'>legem</span> <span class='ocrx_word' id='word_1_133' title='bbox 412 1732 553 1799; x_wconf 81' lang='lat' dir='ltr'>diuinam</span> <span class='ocrx_word' id='word_1_134' title='bbox 572 1752 642 1796; x_wconf 86' lang='lat' dir='ltr'>esse</span> <span class='ocrx_word' id='word_1_135' title='bbox 656 1734 774 1813; x_wconf 86' lang='lat' dir='ltr'>censet,</span> <span class='ocrx_word' id='word_1_136' title='bbox 793 1751 927 1813; x_wconf 87' lang='lat' dir='ltr'>eamque</span> <span class='ocrx_word' id='word_1_137' title='bbox 944 1729 1011 1794; x_wconf 85' lang='lat' dir='ltr'>vim</span> <span class='ocrx_word' id='word_1_138' title='bbox 1026 1729 1182 1794; x_wconf 90' lang='lat' dir='ltr'>obtinere</span> <span class='ocrx_word' id='word_1_139' title='bbox 1236 1793 1237 1796; x_wconf 74' lang='grc'>,</span> 
     </span>
     <span class='ocr_line' id='line_1_19' title="bbox 167 1815 1183 1904; baseline -0.003 -19"><span class='ocrx_word' id='word_1_140' title='bbox 167 1823 256 1885; x_wconf 85' lang='lat' dir='ltr'>recta</span> <span class='ocrx_word' id='word_1_141' title='bbox 287 1821 501 1904; x_wconf 86' lang='lat' dir='ltr'>imperantem</span> <span class='ocrx_word' id='word_1_142' title='bbox 530 1819 819 1903; x_wconf 87' lang='lat' dir='ltr'>prohibentemque</span> <span class='ocrx_word' id='word_1_143' title='bbox 848 1817 1018 1882; x_wconf 85' lang='lat' dir='ltr'>contraria.</span> <span class='ocrx_word' id='word_1_144' title='bbox 1069 1815 1183 1892; x_wconf 83' lang='lat' dir='ltr'>Quam</span> 
     </span>
     <span class='ocr_line' id='line_1_20' title="bbox 168 1905 1237 1992; baseline -0.002 -20"><span class='ocrx_word' id='word_1_145' title='bbox 168 1908 273 1992; x_wconf 88' lang='lat' dir='ltr'>legem</span> <span class='ocrx_word' id='word_1_146' title='bbox 302 1929 364 1991; x_wconf 92' lang='lat' dir='ltr'>quo</span> <span class='ocrx_word' id='word_1_147' title='bbox 392 1907 488 1972; x_wconf 92' lang='lat' dir='ltr'>modo</span> <span class='ocrx_word' id='word_1_148' title='bbox 512 1907 631 1972; x_wconf 88' lang='lat' dir='ltr'>efficiet</span> <span class='ocrx_word' id='word_1_149' title='bbox 655 1907 865 1988; x_wconf 86' lang='lat' dir='ltr'>animantem,</span> <span class='ocrx_word' id='word_1_150' title='bbox 893 1905 1083 1990; x_wconf 83' lang='lat' dir='ltr'>intellegere</span> <span class='ocrx_word' id='word_1_151' title='bbox 1106 1927 1182 1970; x_wconf 90' lang='lat' dir='ltr'>uon</span> <span class='ocrx_word' id='word_1_152' title='bbox 1236 1981 1237 1988; x_wconf 9' lang='grc' dir='ltr'><strong>ἶ</strong></span> 
     </span>
     <span class='ocr_line' id='line_1_21' title="bbox 167 1994 1237 2080; baseline -0.001 -21"><span class='ocrx_word' id='word_1_153' title='bbox 167 2015 355 2080; x_wconf 83' lang='lat' dir='ltr'>possumus3</span> <span class='ocrx_word' id='word_1_154' title='bbox 391 1995 485 2059; x_wconf 91' lang='lat' dir='ltr'>deum</span> <span class='ocrx_word' id='word_1_155' title='bbox 522 1998 629 2058; x_wconf 85' lang='lat' dir='ltr'>autem</span> <span class='ocrx_word' id='word_1_156' title='bbox 666 1995 863 2058; x_wconf 88' lang='lat' dir='ltr'>animantem</span> <span class='ocrx_word' id='word_1_157' title='bbox 900 1997 986 2058; x_wconf 83' lang='lat' dir='ltr'>certe</span> <span class='ocrx_word' id='word_1_158' title='bbox 1021 1994 1181 2058; x_wconf 84' lang='lat' dir='ltr'>volumus</span> <span class='ocrx_word' id='word_1_159' title='bbox 1197 1999 1237 2050; x_wconf 78' lang='lat'>2⁰3</span> 
     </span>
     <span class='ocr_line' id='line_1_22' title="bbox 169 2081 1179 2166; baseline -0.002 -20"><span class='ocrx_word' id='word_1_160' title='bbox 169 2103 248 2146; x_wconf 89' lang='lat' dir='ltr'>esse.</span> <span class='ocrx_word' id='word_1_161' title='bbox 293 2081 401 2166; x_wconf 83' lang='lat' dir='ltr'>Atque</span> <span class='ocrx_word' id='word_1_162' title='bbox 428 2083 481 2148; x_wconf 86' lang='lat' dir='ltr'>hio</span> <span class='ocrx_word' id='word_1_163' title='bbox 507 2082 592 2147; x_wconf 90' lang='lat' dir='ltr'>idem</span> <span class='ocrx_word' id='word_1_164' title='bbox 620 2083 685 2147; x_wconf 86' lang='lat' dir='ltr'>alio</span> <span class='ocrx_word' id='word_1_165' title='bbox 712 2083 783 2147; x_wconf 85' lang='lat' dir='ltr'>loeo</span> <span class='ocrx_word' id='word_1_166' title='bbox 812 2081 944 2146; x_wconf 89' lang='lat' dir='ltr'>aethera</span> <span class='ocrx_word' id='word_1_167' title='bbox 965 2081 1061 2146; x_wconf 91' lang='lat' dir='ltr'>deum</span> <span class='ocrx_word' id='word_1_168' title='bbox 1085 2081 1179 2165; x_wconf 80' lang='lat' dir='ltr'>dicit,</span> 
     </span>
     <span class='ocr_line' id='line_1_23' title="bbox 169 2169 1237 2254; baseline 0.005 -21"><span class='ocrx_word' id='word_1_169' title='bbox 169 2170 198 2233; x_wconf 90' lang='lat' dir='ltr'>si</span> <span class='ocrx_word' id='word_1_170' title='bbox 224 2169 373 2254; x_wconf 83' lang='lat' dir='ltr'>intellegi</span> <span class='ocrx_word' id='word_1_171' title='bbox 398 2173 509 2254; x_wconf 86' lang='lat' dir='ltr'>potest</span> <span class='ocrx_word' id='word_1_172' title='bbox 530 2170 612 2234; x_wconf 92' lang='lat' dir='ltr'>nihil</span> <span class='ocrx_word' id='word_1_173' title='bbox 636 2170 776 2235; x_wconf 88' lang='lat' dir='ltr'>sentiens</span> <span class='ocrx_word' id='word_1_174' title='bbox 801 2170 890 2253; x_wconf 90' lang='lat' dir='ltr'>deus,</span> <span class='ocrx_word' id='word_1_175' title='bbox 918 2169 974 2252; x_wconf 92' lang='lat' dir='ltr'>qui</span> <span class='ocrx_word' id='word_1_176' title='bbox 994 2191 1180 2253; x_wconf 88' lang='lat' dir='ltr'>numquam</span> <span class='ocrx_word' id='word_1_177' title='bbox 1236 2235 1237 2238; x_wconf 74' lang='grc'>,</span> 
     </span>
     <span class='ocr_line' id='line_1_24' title="bbox 168 2255 1179 2342; baseline 0 -20"><span class='ocrx_word' id='word_1_178' title='bbox 168 2255 263 2322; x_wconf 88' lang='lat' dir='ltr'>nobis</span> <span class='ocrx_word' id='word_1_179' title='bbox 300 2258 438 2322; x_wconf 83' lang='lat' dir='ltr'>occurrit</span> <span class='ocrx_word' id='word_1_180' title='bbox 468 2279 572 2341; x_wconf 89' lang='lat' dir='ltr'>neque</span> <span class='ocrx_word' id='word_1_181' title='bbox 602 2259 637 2322; x_wconf 93' lang='lat' dir='ltr'>in</span> <span class='ocrx_word' id='word_1_182' title='bbox 667 2258 816 2342; x_wconf 85' lang='lat' dir='ltr'>precibus</span> <span class='ocrx_word' id='word_1_183' title='bbox 847 2279 951 2341; x_wconf 90' lang='lat' dir='ltr'>neque</span> <span class='ocrx_word' id='word_1_184' title='bbox 983 2257 1018 2322; x_wconf 94' lang='lat' dir='ltr'>in</span> <span class='ocrx_word' id='word_1_185' title='bbox 1048 2258 1179 2341; x_wconf 87' lang='lat' dir='ltr'>optatis</span> 
     </span>
     <span class='ocr_line' id='line_1_25' title="bbox 169 2344 1180 2430; baseline 0.002 -22"><span class='ocrx_word' id='word_1_186' title='bbox 169 2365 272 2430; x_wconf 90' lang='lat' dir='ltr'>neque</span> <span class='ocrx_word' id='word_1_187' title='bbox 299 2344 334 2410; x_wconf 91' lang='lat' dir='ltr'>in</span> <span class='ocrx_word' id='word_1_188' title='bbox 355 2344 454 2427; x_wconf 79' lang='lat' dir='ltr'>votis3</span> <span class='ocrx_word' id='word_1_189' title='bbox 482 2346 555 2409; x_wconf 87' lang='lat' dir='ltr'>aliis</span> <span class='ocrx_word' id='word_1_190' title='bbox 579 2349 688 2410; x_wconf 85' lang='lat' dir='ltr'>autem</span> <span class='ocrx_word' id='word_1_191' title='bbox 711 2346 804 2409; x_wconf 86' lang='lat' dir='ltr'>libris</span> <span class='ocrx_word' id='word_1_192' title='bbox 827 2345 987 2410; x_wconf 90' lang='lat' dir='ltr'>rationem</span> <span class='ocrx_word' id='word_1_193' title='bbox 1010 2346 1180 2430; x_wconf 88' lang='lat' dir='ltr'>quandam</span> 
     </span>
     <span class='ocr_line' id='line_1_26' title="bbox 169 2432 1219 2517; baseline 0.002 -21"><span class='ocrx_word' id='word_1_194' title='bbox 169 2454 228 2517; x_wconf 87' lang='lat' dir='ltr'>per</span> <span class='ocrx_word' id='word_1_195' title='bbox 265 2453 392 2498; x_wconf 90' lang='lat' dir='ltr'>omnem</span> <span class='ocrx_word' id='word_1_196' title='bbox 427 2437 579 2499; x_wconf 90' lang='lat' dir='ltr'>naturam</span> <span class='ocrx_word' id='word_1_197' title='bbox 611 2455 718 2499; x_wconf 89' lang='lat' dir='ltr'>rerum</span> <span class='ocrx_word' id='word_1_198' title='bbox 749 2432 966 2517; x_wconf 87' lang='lat' dir='ltr'>pertinentem</span> <span class='ocrx_word' id='word_1_199' title='bbox 997 2434 1031 2498; x_wconf 87' lang='lat' dir='ltr'>vi</span> <span class='ocrx_word' id='word_1_200' title='bbox 1062 2433 1219 2499; x_wconf 74' lang='lat' dir='ltr'>divinae</span> 
     </span>
     <span class='ocr_line' id='line_1_27' title="bbox 170 2520 1179 2606; baseline 0 -22"><span class='ocrx_word' id='word_1_201' title='bbox 170 2541 240 2586; x_wconf 86' lang='lat' dir='ltr'>esse</span> <span class='ocrx_word' id='word_1_202' title='bbox 268 2520 428 2586; x_wconf 83' lang='lat' dir='ltr'>adfectam</span> <span class='ocrx_word' id='word_1_203' title='bbox 454 2524 557 2606; x_wconf 89' lang='lat' dir='ltr'>putat.</span> <span class='ocrx_word' id='word_1_204' title='bbox 602 2520 692 2585; x_wconf 90' lang='lat' dir='ltr'>Idem</span> <span class='ocrx_word' id='word_1_205' title='bbox 720 2521 817 2585; x_wconf 89' lang='lat' dir='ltr'>astris</span> <span class='ocrx_word' id='word_1_206' title='bbox 844 2521 905 2586; x_wconf 86' lang='lat' dir='ltr'>hoo</span> <span class='ocrx_word' id='word_1_207' title='bbox 932 2521 1018 2587; x_wconf 90' lang='lat' dir='ltr'>idem</span> <span class='ocrx_word' id='word_1_208' title='bbox 1046 2522 1179 2605; x_wconf 81' lang='lat' dir='ltr'>tribuit,</span> 
     </span>
     <span class='ocr_line' id='line_1_28' title="bbox 170 2607 1178 2693; baseline 0.003 -22"><span class='ocrx_word' id='word_1_209' title='bbox 170 2610 240 2674; x_wconf 91' lang='lat' dir='ltr'>tum</span> <span class='ocrx_word' id='word_1_210' title='bbox 263 2609 365 2693; x_wconf 86' lang='lat' dir='ltr'>annis,</span> <span class='ocrx_word' id='word_1_211' title='bbox 388 2609 552 2674; x_wconf 85' lang='lat' dir='ltr'>mensibus</span> <span class='ocrx_word' id='word_1_212' title='bbox 576 2630 796 2692; x_wconf 85' lang='lat' dir='ltr'>annorumque</span> <span class='ocrx_word' id='word_1_213' title='bbox 814 2609 1058 2674; x_wconf 84' lang='lat' dir='ltr'>mutationibus.</span> <span class='ocrx_word' id='word_1_214' title='bbox 1092 2607 1178 2674; x_wconf 81' lang='lat' dir='ltr'>Cum</span> 
     </span>
     <span class='ocr_line' id='line_1_29' title="bbox 169 2695 1177 2781; baseline 0.001 -21"><span class='ocrx_word' id='word_1_215' title='bbox 169 2716 245 2761; x_wconf 87' lang='lat' dir='ltr'>vero</span> <span class='ocrx_word' id='word_1_216' title='bbox 274 2695 408 2761; x_wconf 88' lang='lat' dir='ltr'>Hesiodi</span> <span class='ocrx_word' id='word_1_217' title='bbox 440 2697 663 2781; x_wconf 63' lang='lat' dir='ltr'>theogonium,</span> <span class='ocrx_word' id='word_1_218' title='bbox 681 2697 727 2776; x_wconf 91' lang='lat' dir='ltr'>[id</span> <span class='ocrx_word' id='word_1_219' title='bbox 756 2701 806 2761; x_wconf 88' lang='lat' dir='ltr'>est</span> <span class='ocrx_word' id='word_1_220' title='bbox 838 2697 997 2780; x_wconf 86' lang='lat' dir='ltr'>originem</span> <span class='ocrx_word' id='word_1_221' title='bbox 1027 2697 1177 2778; x_wconf 88' lang='lat' dir='ltr'>deorum]</span> 
     </span>
     <span class='ocr_line' id='line_1_30' title="bbox 169 2781 1177 2869; baseline 0.003 -22"><span class='ocrx_word' id='word_1_222' title='bbox 169 2781 414 2867; x_wconf 87' lang='lat' dir='ltr'>interpretatur,</span> <span class='ocrx_word' id='word_1_223' title='bbox 437 2783 526 2848; x_wconf 91' lang='lat' dir='ltr'>tollit</span> <span class='ocrx_word' id='word_1_224' title='bbox 549 2784 679 2849; x_wconf 89' lang='lat' dir='ltr'>omnino</span> <span class='ocrx_word' id='word_1_225' title='bbox 703 2785 843 2848; x_wconf 87' lang='lat' dir='ltr'>usitatas</span> <span class='ocrx_word' id='word_1_226' title='bbox 867 2788 1099 2869; x_wconf 83' lang='lat' dir='ltr'>perceptasque</span> <span class='ocrx_word' id='word_1_227' title='bbox 1125 2806 1177 2850; x_wconf 90' lang='lat' dir='ltr'>oo-</span> 
     </span>
     <span class='ocr_line' id='line_1_31' title="bbox 170 2869 1217 2956; baseline 0.003 -23"><span class='ocrx_word' id='word_1_228' title='bbox 170 2869 332 2954; x_wconf 90' lang='lat' dir='ltr'>gnitiones</span> <span class='ocrx_word' id='word_1_229' title='bbox 356 2871 501 2956; x_wconf 78' lang='lat' dir='ltr'>deorum3</span> <span class='ocrx_word' id='word_1_230' title='bbox 523 2893 626 2956; x_wconf 89' lang='lat' dir='ltr'>neque</span> <span class='ocrx_word' id='word_1_231' title='bbox 650 2872 735 2936; x_wconf 90' lang='lat' dir='ltr'>euim</span> <span class='ocrx_word' id='word_1_232' title='bbox 757 2870 868 2937; x_wconf 89' lang='lat' dir='ltr'>Iovem</span> <span class='ocrx_word' id='word_1_233' title='bbox 889 2893 994 2956; x_wconf 88' lang='lat' dir='ltr'>neque</span> <span class='ocrx_word' id='word_1_234' title='bbox 1015 2871 1177 2939; x_wconf 90' lang='lat' dir='ltr'>Iunonem</span> <span class='ocrx_word' id='word_1_235' title='bbox 1192 2890 1217 2928; x_wconf 82' lang='lat'>³0</span> 
     </span>
     <span class='ocr_line' id='line_1_32' title="bbox 171 2957 1177 3045; baseline 0.003 -24"><span class='ocrx_word' id='word_1_236' title='bbox 171 2977 273 3041; x_wconf 89' lang='lat' dir='ltr'>neque</span> <span class='ocrx_word' id='word_1_237' title='bbox 295 2957 431 3024; x_wconf 85' lang='lat' dir='ltr'>Vestam</span> <span class='ocrx_word' id='word_1_238' title='bbox 459 2981 563 3044; x_wconf 90' lang='lat' dir='ltr'>neque</span> <span class='ocrx_word' id='word_1_239' title='bbox 591 2981 797 3044; x_wconf 87' lang='lat' dir='ltr'>quemquam,</span> <span class='ocrx_word' id='word_1_240' title='bbox 825 2960 881 3044; x_wconf 94' lang='lat' dir='ltr'>qui</span> <span class='ocrx_word' id='word_1_241' title='bbox 907 2960 955 3024; x_wconf 89' lang='lat' dir='ltr'>ita</span> <span class='ocrx_word' id='word_1_242' title='bbox 983 2962 1177 3045; x_wconf 85' lang='lat' dir='ltr'>appelletur,</span> 
     </span>
     <span class='ocr_line' id='line_1_33' title="bbox 170 3044 1237 3133; baseline 0.004 -23"><span class='ocrx_word' id='word_1_243' title='bbox 170 3044 205 3110; x_wconf 91' lang='lat' dir='ltr'>iu</span> <span class='ocrx_word' id='word_1_244' title='bbox 233 3045 364 3110; x_wconf 88' lang='lat' dir='ltr'>deorum</span> <span class='ocrx_word' id='word_1_245' title='bbox 391 3045 489 3112; x_wconf 85' lang='lat' dir='ltr'>habet</span> <span class='ocrx_word' id='word_1_246' title='bbox 515 3068 663 3131; x_wconf 90' lang='lat' dir='ltr'>numero,</span> <span class='ocrx_word' id='word_1_247' title='bbox 696 3047 751 3112; x_wconf 84' lang='lat' dir='ltr'>sed</span> <span class='ocrx_word' id='word_1_248' title='bbox 778 3048 874 3112; x_wconf 88' lang='lat' dir='ltr'>rebus</span> <span class='ocrx_word' id='word_1_249' title='bbox 901 3048 1053 3114; x_wconf 89' lang='lat' dir='ltr'>inanimis</span> <span class='ocrx_word' id='word_1_250' title='bbox 1076 3053 1177 3133; x_wconf 88' lang='lat' dir='ltr'>atque</span> <span class='ocrx_word' id='word_1_251' title='bbox 1236 3087 1237 3102; x_wconf 34' lang='grc' dir='ltr'><strong>κ</strong></span> 
     </span>
     <span class='ocr_line' id='line_1_34' title="bbox 172 3131 1177 3221; baseline 0.006 -25"><span class='ocrx_word' id='word_1_252' title='bbox 172 3131 270 3197; x_wconf 87' lang='lat' dir='ltr'>mutis</span> <span class='ocrx_word' id='word_1_253' title='bbox 293 3153 351 3217; x_wconf 88' lang='lat' dir='ltr'>per</span> <span class='ocrx_word' id='word_1_254' title='bbox 371 3135 532 3217; x_wconf 88' lang='lat' dir='ltr'>quandam</span> <span class='ocrx_word' id='word_1_255' title='bbox 551 3135 822 3221; x_wconf 82' lang='lat' dir='ltr'>significationem</span> <span class='ocrx_word' id='word_1_256' title='bbox 840 3137 920 3202; x_wconf 87' lang='lat' dir='ltr'>haee</span> <span class='ocrx_word' id='word_1_257' title='bbox 939 3137 1032 3201; x_wconf 85' lang='lat' dir='ltr'>docet</span> <span class='ocrx_word' id='word_1_258' title='bbox 1049 3137 1177 3203; x_wconf 85' lang='lat' dir='ltr'>tributa</span> 
     </span>
    </p>

    <p class='ocr_par' dir='ltr' id='par_1_6' title="bbox 118 3218 1213 3567">
     <span class='ocr_line' id='line_1_35' title="bbox 118 3218 1174 3312; baseline 0.009 -30"><span class='ocrx_word' id='word_1_259' title='bbox 118 3231 151 3282; x_wconf 77' lang='grc'>37</span> <span class='ocrx_word' id='word_1_260' title='bbox 171 3219 310 3286; x_wconf 89' lang='lat' dir='ltr'>nomina.</span> <span class='ocrx_word' id='word_1_261' title='bbox 356 3218 453 3288; x_wconf 84' lang='lat' dir='ltr'>Cuius</span> <span class='ocrx_word' id='word_1_262' title='bbox 477 3221 626 3307; x_wconf 79' lang='lat' dir='ltr'>discipuli</span> <span class='ocrx_word' id='word_1_263' title='bbox 650 3221 901 3290; x_wconf 83' lang='lat' dir='ltr'>Aristonis-non</span> <span class='ocrx_word' id='word_1_264' title='bbox 924 3225 1030 3289; x_wconf 89' lang='lat' dir='ltr'>minus</span> <span class='ocrx_word' id='word_1_265' title='bbox 1055 3235 1174 3312; x_wconf 86' lang='lat' dir='ltr'>magno</span> 
     </span>
     <span class='ocr_line' id='line_1_36' title="bbox 170 3308 1213 3398; baseline 0.006 -26"><span class='ocrx_word' id='word_1_266' title='bbox 170 3308 205 3372; x_wconf 91' lang='lat' dir='ltr'>iu</span> <span class='ocrx_word' id='word_1_267' title='bbox 222 3329 329 3373; x_wconf 87' lang='lat' dir='ltr'>errore</span> <span class='ocrx_word' id='word_1_268' title='bbox 348 3310 509 3375; x_wconf 86' lang='lat' dir='ltr'>sententia</span> <span class='ocrx_word' id='word_1_269' title='bbox 527 3314 586 3392; x_wconf 84' lang='lat' dir='ltr'>est,</span> <span class='ocrx_word' id='word_1_270' title='bbox 609 3310 664 3393; x_wconf 91' lang='lat' dir='ltr'>qui</span> <span class='ocrx_word' id='word_1_271' title='bbox 681 3332 785 3394; x_wconf 89' lang='lat' dir='ltr'>neque</span> <span class='ocrx_word' id='word_1_272' title='bbox 802 3310 941 3376; x_wconf 85' lang='lat' dir='ltr'>formam</span> <span class='ocrx_word' id='word_1_273' title='bbox 956 3313 1007 3377; x_wconf 89' lang='lat' dir='ltr'>dei</span> <span class='ocrx_word' id='word_1_274' title='bbox 1024 3313 1174 3398; x_wconf 81' lang='lat' dir='ltr'>intellegi</span> <span class='ocrx_word' id='word_1_275' title='bbox 1188 3329 1213 3369; x_wconf 76' lang='lat'>³⁵</span> 
     </span>
     <span class='ocr_line' id='line_1_37' title="bbox 170 3397 1174 3480; baseline 0.006 -20"><span class='ocrx_word' id='word_1_276' title='bbox 170 3417 265 3480; x_wconf 87' lang='lat' dir='ltr'>posse</span> <span class='ocrx_word' id='word_1_277' title='bbox 294 3401 422 3462; x_wconf 82' lang='lat' dir='ltr'>censeat</span> <span class='ocrx_word' id='word_1_278' title='bbox 448 3417 551 3480; x_wconf 89' lang='lat' dir='ltr'>neque</span> <span class='ocrx_word' id='word_1_279' title='bbox 579 3397 612 3461; x_wconf 92' lang='lat' dir='ltr'>in</span> <span class='ocrx_word' id='word_1_280' title='bbox 640 3398 706 3463; x_wconf 89' lang='lat' dir='ltr'>deis</span> <span class='ocrx_word' id='word_1_281' title='bbox 731 3421 859 3464; x_wconf 89' lang='lat' dir='ltr'>sensum</span> <span class='ocrx_word' id='word_1_282' title='bbox 883 3421 953 3465; x_wconf 87' lang='lat' dir='ltr'>esse</span> <span class='ocrx_word' id='word_1_283' title='bbox 976 3400 1063 3466; x_wconf 89' lang='lat' dir='ltr'>dieat</span> <span class='ocrx_word' id='word_1_284' title='bbox 1085 3403 1174 3466; x_wconf 91' lang='lat' dir='ltr'>dubi-</span> 
     </span>
     <span class='ocr_line' id='line_1_38' title="bbox 174 3483 1173 3567; baseline 0.006 -20"><span class='ocrx_word' id='word_1_285' title='bbox 174 3487 178 3496; x_wconf 83' lang='lat'>&#39;</span> <span class='ocrx_word' id='word_1_286' title='bbox 209 3485 213 3496; x_wconf 84' lang='grc'><em>“</em></span> <span class='ocrx_word' id='word_1_287' title='bbox 272 3505 281 3527; x_wconf 53' lang='lat'>³</span> <span class='ocrx_word' id='word_1_288' title='bbox 314 3484 458 3567; x_wconf 88' lang='lat' dir='ltr'>omnino,</span> <span class='ocrx_word' id='word_1_289' title='bbox 490 3483 567 3548; x_wconf 87' lang='lat' dir='ltr'>deus</span> <span class='ocrx_word' id='word_1_290' title='bbox 595 3485 742 3550; x_wconf 89' lang='lat' dir='ltr'>animans</span> <span class='ocrx_word' id='word_1_291' title='bbox 769 3507 869 3552; x_wconf 83' lang='lat' dir='ltr'>neone</span> <span class='ocrx_word' id='word_1_292' title='bbox 897 3488 949 3552; x_wconf 88' lang='lat' dir='ltr'>sit.</span> <span class='ocrx_word' id='word_1_293' title='bbox 999 3487 1173 3556; x_wconf 76' lang='lat' dir='ltr'>Cleanthes</span> 
     </span>
    </p>
   </div>
   <div class='ocr_carea' id='block_1_3' title="bbox 0 0 1255 3950">
    <p class='ocr_par' dir='ltr' id='par_1_7' title="bbox 0 0 1255 3950">
     <span class='ocr_line' id='line_1_39' title="bbox 0 0 1255 3950; baseline 0 0"><span class='ocrx_word' id='word_1_294' title='bbox 0 0 1255 3950; x_wconf 95' lang='lat' dir='ltr'> </span> 
     </span>
    </p>
   </div>
  </div>
 </body>
</html>
