2452 3938
174 169 240 234 214
518 169 567 223 DE
587 169 831 224 DIVINATIONE

173 313 348 397 potuisset,
374 312 463 380 facta
489 334 555 379 non
580 315 676 379 esset.
720 311 829 397 Atque
851 312 914 378 hoc
936 315 1051 378 contra
1072 311 1177 377 omnia

174 404 305 466 ostenta
322 401 440 486 valeat,
457 422 645 484 numquam,
663 400 750 485 quod
766 401 837 466 fieri
853 422 921 467 non
938 398 1095 485 potuerit,
1112 421 1177 464 esse

173 487 311 571 factum,
340 489 392 554 sin
413 489 566 574 potuerit,
587 510 655 554 non
677 510 747 554 esse
769 487 960 553 mirandum.
1001 487 1178 554 Causarum

175 576 261 650 enim
287 576 451 662 ignoratio
478 577 514 642 in
539 598 575 642 ra
600 598 687 643 nova
713 576 919 642 mirationem
944 575 1039 660 facit,
1073 576 1178 641 eadem

174 664 339 750 ignoratio
362 665 391 729 si
413 664 448 729 in
466 664 563 730 rebus
580 665 712 730 usitatis
732 668 790 748 est,
812 685 879 728 non
897 665 1064 730 miramur.
1098 663 1179 729 Nam
1200 681 1209 754 t

174 752 231 836 qui
252 751 376 816 mulam
397 753 561 838 peperisse
584 753 732 837 miratur,
754 752 792 836 is,
815 774 878 836 quo
901 752 999 818 modo
1023 774 1110 836 equa
1130 773 1180 836 pa·
1208 755 1209 822 l

173 840 248 924 riat,
266 844 323 906 aut
342 840 473 906 omnino
493 861 576 924 quae
592 844 712 905 natura
729 843 861 926 partum
879 840 1058 905 animantis
1077 840 1179 921 faciat,

173 929 314 1014 ignorat.
350 926 413 994 Sed
434 928 520 1012 quod
538 928 652 994 erebro
670 928 767 1011 ridet,
789 949 857 994 non
873 928 1023 1012 miratur,
1046 927 1180 1009 etiamsi,

174 1038 231 1082 our
261 1017 335 1100 fiat,
364 1017 481 1100 nescit;
512 1015 599 1100 quod
626 1019 702 1081 ante
728 1037 794 1081 non
820 1015 917 1101 vidit,
947 1015 983 1082 id
1009 1016 1040 1080 si
1070 1016 1179 1098 evenit,

175 1108 340 1190 ostentum
376 1126 446 1170 esse
480 1107 598 1170 censet.
642 1102 764 1170 Utrum
795 1104 898 1190 igitur
929 1125 1003 1170 cum
1037 1104 1209 1187 concepitu

122 1204 157 1254 50
175 1193 265 1257 mula
288 1214 331 1257 an
352 1215 425 1258 cum
443 1192 579 1278 peperit,
602 1195 767 1258 ostentum
785 1194 858 1257 est?
879 1192 1053 1278 conceptio
1072 1196 1179 1258 contra

173 1283 325 1344 naturam
346 1279 496 1365 fortasse,
518 1281 575 1346 sed
596 1283 710 1366 partus
733 1300 834 1365 prope
855 1280 1071 1346 necessarius,

121 1371 164 1436 23
240 1365 303 1431 Sed
326 1367 403 1453 quid
421 1369 537 1452 plura?
560 1371 669 1434 ortum
687 1368 853 1434 videamus
871 1367 1118 1453 haruspicinam
1139 1367 1179 1432 sic

172 1453 347 1541 facillume,
365 1455 442 1540 quid
459 1456 579 1522 lrabeat
593 1455 807 1540 auctoritatis,
824 1455 1051 1522 iudicabimus.
1079 1455 1178 1542 Tages
1209 1457 1210 1518 l

174 1543 306 1628 quidam
333 1543 451 1610 dicitur
477 1544 512 1608 in
535 1565 615 1631 agro
638 1541 878 1628 Tarquimensi,
903 1565 977 1609 cum
999 1547 1095 1610 terra
1117 1566 1178 1610 ara·
1189 1531 1210 1612 1⁵l

173 1636 264 1699 retur
282 1637 316 1698 et
334 1632 442 1699 sulcus
461 1632 560 1698 altius
578 1635 664 1696 esset
682 1632 869 1717 impressus,
887 1632 1036 1696 extitisse
1051 1636 1177 1718 repente

174 1725 208 1786 et
231 1743 304 1787 eum
328 1721 456 1786 adfatus
480 1741 559 1804 esse,
582 1720 639 1804 qui
662 1720 785 1784 nabat.
821 1717 855 1784 Is
878 1723 988 1784 autem
1006 1719 1126 1807 Tages,
1146 1722 1178 1783 ut

173 1809 210 1874 in
231 1810 325 1874 libris
348 1812 398 1874 est
419 1807 646 1891 Etruscorum,
673 1807 791 1893 puerili
813 1807 918 1892 specie
941 1807 1064 1874 dicitur
1086 1809 1177 1889 visus,

174 1896 232 1962 sed
254 1897 348 1963 senili
369 1895 469 1962 fuisse
491 1895 671 1981 prudentia.
707 1892 786 1960 Eius
809 1895 965 1979 adspectu
988 1917 1065 1962 cum
1085 1895 1176 1962 obsti-

173 1985 299 2070 puisset
323 1983 745 2067 bubuleusclamoremque
768 1983 924 2048 maiorem
947 2005 1021 2049 cum
1046 1985 1206 2050 admira-²⁰

173 2074 263 2138 tione
281 2073 442 2157 edidisset,
460 2093 650 2138 coneursum
669 2092 738 2137 esse
755 2070 889 2154 factum,
905 2075 1079 2157 totamque
1092 2070 1177 2137 brevi
1210 2099 1211 2118 ι

173 2163 320 2245 tempore
337 2161 372 2225 in
390 2182 464 2225 eum
480 2159 589 2226 locum
601 2158 768 2226 Etruriam
782 2159 984 2244 convenisse3
1001 2164 1076 2227 turn
1089 2161 1176 2226 illum

172 2248 270 2334 plura
298 2248 443 2314 locutum
469 2246 582 2312 multis
610 2247 829 2331 audientibus,
861 2248 917 2332 qui
944 2249 1057 2314 omnia
1084 2248 1176 2314 verba

173 2336 242 2401 eius
271 2336 453 2421 exceperint
479 2334 663 2420 litterisque
688 2335 887 2419 mandarint;
914 2357 1046 2401 omnem
1073 2339 1175 2402 auten

173 2423 354 2491 orationem
371 2422 472 2490 fuisse
490 2445 571 2508 eam,
591 2445 656 2508 qua
672 2422 897 2509 haruspicinae
916 2423 1091 2509 disciplina
1109 2445 1174 2490 con·
1185 2435 1211 2476 ¹⁵¹

172 2512 344 2595 tineretur3
367 2534 439 2578 eam
461 2514 577 2598 postea
598 2511 737 2576 crevisse
759 2511 856 2576 rebus
874 2513 968 2577 novis
986 2532 1175 2598 cognoscen-

173 2598 222 2664 dis
246 2603 280 2664 et
302 2599 343 2666 ad
367 2601 478 2666 eadem
500 2599 560 2664 illa
582 2599 742 2684 principia
763 2598 950 2666 referendis.
985 2599 1078 2666 Haec
1097 2620 1175 2666 acce

172 2687 279 2772 pimus
304 2688 346 2752 ab
367 2688 457 2773 ipsis,
479 2687 560 2752 haec
583 2687 705 2773 scripta
728 2691 928 2772 conservant,
951 2687 1038 2754 hunc
1055 2688 1175 2755 fontem

121 2784 155 2837 51
174 2775 298 2840 habent
325 2774 521 2861 disciplinae.
566 2772 655 2839 Num
682 2794 760 2861 ergo
788 2796 870 2860 opus
893 2779 944 2840 est
966 2775 1008 2840 ad
1030 2776 1111 2842 haec
1132 2795 1174 2839 re

172 2862 315 2927 fallenda
333 2861 519 2928 Carneade?
540 2883 619 2927 num
636 2861 801 2947 Epicuro?
824 2866 915 2928 estne
938 2864 1110 2948 quisquam
1131 2864 1204 2926 iae

174 2949 348 3034 desipiens,
376 2949 431 3034 qui
459 2950 569 3017 credat
591 2954 759 3016 exaratum
781 2971 865 3035 esse,
892 2950 987 3017 deum
1010 2952 1115 3018 dicam
1136 2970 1173 3014 an

169 3037 361 3102 hominem?
394 3037 429 3103 Si
451 3039 555 3122 deum,
577 3059 634 3104 cur
653 3061 687 3103 se
705 3041 819 3104 contra
836 3043 987 3105 naturam
1004 3039 1040 3103 in
1057 3043 1172 3105 terram

174 3124 352 3210 abdiderat,
369 3129 407 3190 ut
424 3125 606 3213 patefactus
626 3130 734 3192 aratro
753 3125 858 3192 lucem
877 3127 1057 3212 aspiceret?
1080 3125 1172 3213 quid?

172 3213 260 3280 idem
291 3233 398 3280 nenne
425 3218 555 3300 poterat
582 3215 659 3279 deus
685 3214 871 3281 hominibus
898 3215 1101 3301 disciplinam
1127 3235 1171 3278 su·

172 3302 300 3386 periore
327 3322 345 3366 e
372 3303 444 3368 loco
472 3301 622 3366 tradere?
663 3300 698 3367 si
725 3306 834 3368 autern
860 3303 959 3369 homo
986 3303 1044 3368 ille
1072 3303 1203 3388 Tagara

172 3389 249 3472 fuit,
284 3410 425 3472 quonam
457 3387 552 3453 modo
584 3390 693 3472 potuit
723 3394 812 3455 terra
843 3412 1016 3476 oppressus
1048 3387 1169 3458 vivere?

173 3474 257 3538 unde
279 3496 377 3559 porro
400 3474 461 3540 illa
482 3474 603 3558 potuit,
626 3498 708 3560 quae
731 3477 867 3543 docebat
890 3479 986 3564 alios,
1007 3479 1078 3564 ipse
1098 3476 1170 3543 didi-
