2476 3936
325 160 393 216 LIB.
413 162 447 216 11.
472 160 547 216 CAP.
568 168 680 217 17-20.
703 167 850 228 531-36,
1019 163 1084 227 317

85 304 253 391 disciplina
282 305 406 371 doctior
432 304 521 371 facta
548 327 618 371 esse
645 306 768 372 civitas.
812 305 944 371 Influxit
972 309 1013 388 [p.
1034 325 1085 373 173

85 395 167 458 enim
196 415 262 459 non
291 395 397 458 tenuis
425 394 600 478 quideme
628 393 763 460 Graecia
789 395 913 460 rivulus
940 395 976 460 in
1001 396 1085 462 hanc

83 483 204 566 urbem,
228 481 283 547 sed
306 481 603 554 abundantissimus
626 483 729 548 amnis
751 483 881 550 illarum
904 483 1085 570 disciplina-

83 593 154 636 rum
181 574 215 635 et
238 571 366 638 artium.
410 569 524 636 Fuisse
548 571 633 636 enim
656 571 816 656 quendam
837 572 947 637 ferunt
969 571 1085 638 Dema·

59 664 189 724 ararum
203 657 408 724 Corinthium
432 663 464 725 et
485 659 608 726 honore
632 663 665 725 et
683 661 876 725 auctoritate
895 664 928 724 et
944 660 1086 726 fortunis

81 747 176 814 facile
200 747 342 813 civitatis
366 769 442 813 suae
460 748 653 834 principem3
678 749 733 833 qui
756 770 828 814 cum
843 747 1085 815 Corinthiorum

81 840 257 920 tyrannum
279 835 454 921 Cypselum
476 836 561 900 ferre
583 858 649 902 non
671 836 844 921 potuisset,
866 835 991 922 fugisse
1012 860 1086 903 cum

81 920 211 1010 maglna
225 924 360 1009 pecunia
374 924 490 989 dicitur
503 947 540 990 ac
550 946 584 990 se
594 924 767 990 contulisse
777 923 979 1009 Tarquinios,
987 927 1027 1006 [p.
1035 942 1086 991 174

81 1013 113 1078 in
142 1013 258 1078 urbem
284 1012 435 1078 Etruriae
464 1012 736 1078 florentissimam.
786 1011 929 1097 Cumque
960 1013 1085 1077 audiret

49 1118 70 1156 10
83 1101 336 1166 dominationem
355 1099 486 1186 Cypseli
509 1101 702 1184 confirmari,
725 1100 849 1188 defugit
872 1101 1013 1186 patriam
1035 1101 1086 1165 vir

81 1190 165 1255 liber
188 1211 225 1254 ac
247 1189 342 1255 fortis
367 1193 400 1254 et
423 1189 564 1255 adscitus
587 1194 638 1254 est
659 1189 737 1254 civis
761 1188 1085 1273 aTarquiniensibus

81 1282 179 1363 atque
208 1278 243 1342 in
273 1299 311 1344 ea
340 1277 473 1343 civitate
501 1278 699 1344 domicilium
727 1281 760 1342 et
788 1277 878 1342 sedes
905 1277 1086 1344 collocavit.

80 1366 149 1432 Ubi
179 1388 252 1432 cum
284 1366 324 1432 de
354 1369 459 1432 matre
488 1365 630 1431 familias
658 1365 884 1450 Tarquiniensi
911 1365 973 1430 duo
1000 1367 1086 1431 filios

81 1455 326 1540 procreavisset,
349 1453 497 1520 omnibus
521 1475 576 1518 eos
600 1453 723 1518 artibus
747 1454 789 1518 ad
806 1453 1002 1520 Graecorum
1025 1455 1087 1519 dis-

49 1559 69 1598 15
82 1543 238 1629 eiplinam
261 1544 390 1608 erudiit.
405 1593 412 1607 .
428 1593 434 1606 .
449 1593 456 1606 .

326 1684 566 1765 [Desiderautur
583 1683 720 1766 popinae
741 1684 842 1764 duaa]
1097 1769 1140 1834 20

155 1859 162 1874 .
177 1859 185 1872 .
200 1807 332 1872 ..facile
350 1807 385 1871 in
402 1807 568 1873 civitatem
587 1808 735 1890 receptus
754 1809 848 1890 esset,
865 1827 960 1892 prop·
975 1809 1015 1888 [p.
1035 1822 1086 1873 219
1105 1846 1138 1895 35

81 1903 132 1962 ter
159 1896 396 1962 humanitatem
420 1899 517 1980 atque
541 1894 721 1959 doctrinam
744 1892 835 1959 Anco
858 1894 928 1980 regi
950 1894 1087 1960 familia-

82 1986 127 2050 ris
155 1989 206 2049 est
228 1983 333 2050 factus
356 2004 532 2068 usquam,
559 1985 596 2048 ut
619 1983 827 2048 consiliorum
850 1983 994 2048 omnium
1016 2004 1088 2068 par-

81 2074 185 2158 ticeps
214 2076 247 2136 et
274 2073 378 2138 socius
405 2094 507 2157 paene
534 2071 628 2157 regni
653 2075 831 2156 putaretur.
880 2070 962 2136 llrat
989 2071 1023 2135 in
1050 2093 1087 2136 eo

47 2176 69 2215 ²0
81 2166 251 2247 praeterea
287 2183 414 2226 summa
445 2159 595 2241 comitas,
635 2181 761 2226 summa
796 2159 831 2223 in
868 2159 972 2224 omnis
1009 2158 1088 2224 civis

82 2251 168 2335 cpia,
196 2249 321 2332 auxilii,
349 2247 560 2330 defensionis,
586 2247 745 2334 largiendi
773 2247 871 2313 etiam
894 2248 1088 2334 benignitas.

81 2339 198 2422 Itaque
228 2342 356 2402 mortuo
383 2335 504 2401 Marcio
536 2335 660 2400 cunctis
691 2335 805 2419 populi
837 2335 1000 2422 suffragiis
1032 2357 1089 2400 rex

82 2431 134 2491 est
157 2429 285 2491 creatus
307 2424 344 2489 L.
363 2422 571 2507 Tarquinium
593 2423 640 2487 sic
659 2423 744 2486 enim
764 2421 769 2507 l
789 2443 883 2488 suum
904 2445 961 2487 no·
981 2426 1020 2503 [p.
1036 2439 1087 2489 220

47 2546 50 2552 ·
82 2537 158 2580 men
185 2536 224 2579 ex
248 2513 370 2578 Graeco
393 2511 522 2577 nomine
545 2509 722 2594 inflexerat,
744 2513 782 2576 ut
803 2510 838 2573 in
861 2509 949 2575 omni
971 2532 1088 2596 genere

46 2617 70 2657 25
82 2603 179 2669 huius
202 2602 315 2688 populi
338 2599 600 2666 consuetudinem
619 2598 781 2664 uideretur
800 2598 956 2663 imitatus.
992 2597 1089 2683 Isque
1176 2613 1182 2625 ·

83 2697 119 2756 ut
133 2691 173 2756 de
188 2712 246 2755 suo
260 2689 397 2775 imperio
411 2689 518 2775 legem
530 2687 617 2771 tulit,
629 2687 789 2772 principio
804 2686 982 2772 duplicavit
995 2686 1088 2752 illum

83 2779 258 2865 pristinum
281 2782 411 2863 patrum
433 2798 603 2842 numerum
624 2779 657 2840 et
675 2775 825 2860 antiquos
843 2779 953 2860 patres
972 2775 1089 2841 maio-

83 2891 165 2933 rum
198 2867 370 2953 gentium
402 2865 593 2950 appellavit,
627 2885 706 2948 quos
737 2863 862 2949 priores
895 2865 1090 2929 sententiam

83 2957 233 3044 rogabat,
256 2978 275 3020 a
298 2975 332 3020 se
356 2954 496 3020 adscitos
519 2952 715 3018 minorum.
760 2951 884 3017 Deinde
908 2952 1089 3037 equitatum
1107 2964 1141 3013 36

45 3058 71 3099 ³⁰
84 3045 124 3110 ad
157 3045 245 3108 hunc
275 3064 398 3108 morem
431 3039 614 3122 constituit,
646 3040 701 3124 qui
727 3037 837 3126 uslque
865 3039 969 3105 adhuc
994 3044 1035 3121 [p.
1055 3057 1088 3105 37

84 3138 134 3198 est
163 3129 322 3214 retentus,
350 3153 409 3204 nec
435 3129 543 3216 potuit
566 3127 757 3193 Titiensium
780 3131 813 3192 et
835 3127 1090 3193 Rhamnensium

83 3227 115 3286 et
133 3219 293 3286 Lucerum
312 3222 446 3301 mutare,
465 3240 538 3283 cum
557 3213 697 3301 cuperet,
714 3215 856 3298 nomina,
875 3216 959 3299 quod
978 3219 1090 3280 auctor

84 3311 112 3374 ei
137 3330 265 3374 summa
288 3328 392 3393 augur
410 3305 516 3391 gloria
529 3305 630 3370 Attus
644 3303 768 3370 Navius
786 3325 852 3368 non
870 3306 948 3367 erat.
981 3301 1089 3386 Atque

84 3398 186 3463 ctiam
209 3395 395 3462 Corinthios
423 3394 517 3460 video
544 3392 683 3477 publicis
711 3392 801 3477 equis
825 3389 1033 3477 adsignandis
1057 3393 1090 3454 et

45 3499 71 3540 ³⁵
84 3486 209 3551 alendis
232 3484 386 3550 orborum
409 3486 442 3547 et
464 3481 635 3548 viduarum
658 3480 789 3546 tributis
807 3478 908 3545 fuisse
927 3478 1087 3563 quondam
