2458 3934
266 219 334 276 ule.
353 219 374 276 1.
398 218 475 276 GAP.
494 225 606 276 ss-ev.
625 226 641 288 e
660 226 808 276 ves-130.
979 219 1043 286 193

61 365 122 426 sunt
141 362 223 427 enim
246 363 367 445 omnia,
398 363 454 428 sed
475 366 622 448 tempore
645 365 772 429 absunt.
817 363 927 449 Atque
950 367 986 428 ut
1008 363 1044 428 in

61 450 216 516 seminibus
243 451 292 516 vis
315 450 401 516 inest
424 473 536 516 earum
557 473 678 536 rerum,
706 473 787 537 quac
811 474 850 517 ex
872 451 912 517 iis
935 451 1044 538 progi-

60 542 192 622 gnuntur,
214 538 261 604 sio
283 537 317 603 in
340 539 444 604 causis
468 538 615 604 conditae
639 543 714 604 sunt
732 562 783 605 res
801 539 938 624 futurae,
961 561 1042 625 quas

60 646 115 690 esse
142 625 267 692 futuras
301 629 357 691 aut
389 626 551 692 concitata
582 648 672 693 mens
706 632 762 693 aut
793 629 902 694 soluta
929 649 1042 694 somno

41 713 143 777 sternit
169 718 226 779 aut
248 715 333 780 ratio
358 719 414 779 aut
437 715 620 780 coniectura
641 715 829 800 praesentit.
874 715 983 801 Atque
1006 720 1043 780 nt

57 800 86 882 ii,
114 803 165 886 qui
197 802 276 867 solis
304 806 337 867 et
364 804 459 868 lunae
486 803 747 889 reliquorumque
776 804 916 869 siderum
943 807 1044 887 ortus,

58 888 147 954 obitus
169 894 341 975 motusque
365 893 555 976 cognorunt,
578 913 642 976 quo
666 891 805 976 quidque
827 895 972 976 tempore
992 913 1044 955 eo-

57 997 113 1040 rum
133 977 280 1042 futurum
303 978 356 1062 sit,
379 978 482 1043 multo
506 981 582 1044 ante
603 979 801 1064 praedicunt,
824 979 879 1062 sic,
903 979 959 1063 qui
976 1001 1044 1044 cur-

57 1085 113 1129 sum
139 1087 248 1130 rerum
271 1069 523 1151 eventorumque
546 1066 809 1152 consequentiam
832 1066 1044 1131 diuturnitate

31 1169 47 1207 10
57 1157 240 1234 pertractata
261 1157 466 1238 notaverunt,
490 1158 546 1219 aut
569 1176 696 1240 semper
719 1159 784 1239 cut,
808 1155 835 1219 si
857 1155 891 1219 id
914 1153 1044 1220 difficile

57 1244 102 1324 est,
121 1242 325 1326 plerumque,
353 1241 467 1326 quodsi
490 1242 586 1306 naid
609 1243 736 1327 quidem
760 1243 957 1326 conceditur,
979 1263 1045 1308 non

56 1347 215 1414 numquam
239 1333 335 1414 certe,
357 1330 434 1414 qnid
456 1329 602 1396 futurum
621 1331 673 1416 sit,
695 1331 898 1418 intellegunt.
935 1331 1044 1415 Atque

56 1413 119 1482 haec
150 1417 282 1502 quidem
313 1421 346 1482 et
373 1417 531 1501 quaedam
558 1418 700 1484 eiusdem
727 1419 816 1485 modi
844 1423 1044 1505 argumenta,

57 1524 100 1568 eur
120 1505 162 1570 sit
186 1505 353 1589 divinatio,
376 1507 534 1572 ducuntur
558 1527 577 1571 a
598 1506 676 1571 fato.

31 1607 46 1646 ¹⁵
108 1592 136 1657 A
157 1597 279 1658 natura
301 1597 410 1659 autem
433 1593 499 1658 alia
522 1593 680 1678 quaedam
701 1594 786 1660 ratio
810 1597 868 1678 est,
892 1571 1099 1698 qundo-152}

56 1683 102 1764 cet,
123 1685 248 1766 quanta
271 1681 314 1745 sit
337 1681 437 1746 animi
457 1680 506 1746 vis
526 1682 670 1748 seiuncta
688 1705 708 1746 a
726 1682 870 1766 corporis
890 1681 1046 1765 sensibus,

56 1767 127 1850 qnod
152 1769 294 1834 maxime
321 1769 482 1855 contingit
510 1773 567 1834 aut
594 1769 827 1834 dormientibus
855 1772 912 1834 aut
938 1771 1046 1834 mente

17 1927 18 1936 ἵ
55 1857 207 1936 permotis.
253 1853 300 1921 Ut
331 1857 417 1922 enim
447 1857 579 1922 deorum
607 1856 708 1923 animi
735 1857 803 1922 sine
830 1857 945 1941 oculiS,
978 1856 1046 1922 sine

56 1945 186 2030 auribus,
219 1944 288 2008 sine
318 1943 431 2031 lingua
460 1945 603 2010 sentiunt
625 1945 711 2011 inter
735 1967 782 2029 se,
812 1945 888 2030 quid
911 1944 1046 2029 quisque

29 2033 170 2118 osentiat,
193 2029 249 2118 (ex
272 2053 334 2116 quo
357 2033 404 2118 fit,
427 2036 464 2100 ut
486 2033 642 2116 homines,
665 2034 763 2100 etiam
787 2056 859 2099 cum
881 2033 975 2099 taciti
993 2056 1048 2118 op·

55 2122 112 2184 tent
133 2121 213 2205 qnid
237 2123 294 2185 aut
316 2124 464 2204 voveant,
486 2143 552 2185 non
570 2120 726 2208 dubitent,
750 2122 828 2207 quin
846 2121 879 2186 di
896 2121 978 2188 illud
997 2144 1048 2186 ex-

55 2207 187 2296 audiant)
217 2207 264 2273 sic
292 2208 391 2274 animi
417 2207 599 2294 hominum,
630 2231 703 2275 cum
731 2213 786 2276 aut
810 2231 923 2276 somno
948 2209 1048 2276 soluti

55 2301 157 2361 vacant
185 2317 321 2382 corpore
349 2299 406 2362 aut
433 2299 540 2362 mente
565 2299 705 2382 permoti
727 2307 785 2384 pe'r
809 2319 843 2364 se
866 2298 930 2385 ipsi
952 2297 1048 2362 liberi

55 2381 167 2449 incitati
188 2387 372 2487 moventur,
395 2387 529 2450 cernunt
550 2407 596 2469 ea,
620 2408 701 2470 quae
720 2385 872 2471 permixti
890 2408 962 2485 cum
980 2407 1047 2450 eor-

29 2472 375 2626 ”ttnmttlt
385 2494 607 2626 tentet
607 2473 1003 2626 ttrttltuttttttut
1006 2481 1101 2625 {1¹³⁰

56 2665 144 2729 genus
172 2648 396 2732 divinationis,
424 2648 509 2732 quod
537 2671 575 2714 ex
602 2653 672 2714 arte
699 2648 881 2734 proiectum
904 2647 1048 2732 dicimus,

56 2735 102 2798 sed
120 2740 235 2802 tamen
255 2735 289 2801 id
312 2757 438 2821 quoque
460 2735 611 2821 rimatur,
637 2741 792 2822 qnantum
814 2739 936 2822 potest,
959 2735 1049 2801 Posi·

55 2820 167 2890 donius.
212 2821 295 2890 Esse
318 2828 428 2890 censet
449 2823 483 2890 in
504 2829 622 2890 natura
644 2825 738 2912 signa
762 2825 919 2909 quaedam
940 2846 1049 2891 rerum

28 2907 237 2979 nfuturarum.
281 2911 413 2978 Etenim
436 2911 517 2978 Ceos
541 2913 721 2998 accepimus
745 2917 853 2978 ortum
876 2910 1048 2980 Caniculae

55 2997 219 3086 diligenter
242 3001 414 3085 quotannis
434 3002 537 3066 solere
557 3023 685 3066 servare
703 3001 983 3087 coniecturamque
999 3024 1049 3067 ca·

55 3105 129 3171 pere,
152 3092 191 3153 ut
212 3089 325 3160 scribit
343 3088 495 3154 Ponticus
509 3087 707 3174 Heraclides,
731 3089 911 3156 salubrisne
934 3111 977 3154 an
995 3110 1049 3173 pe·

56 3172 159 3240 stilens
184 3197 286 3241 annus
309 3177 436 3242 futurus
461 3177 512 3242 sit.
557 3175 644 3242 Nam
666 3177 695 3242 si
718 3177 884 3243 obscurior
905 3181 935 3241 et
956 3175 1050 3259 quasi

56 3261 226 3348 caliginosa
252 3265 349 3330 stella
376 3264 532 3348 extiterit,
559 3265 679 3351 pingue
707 3269 740 3330 et
767 3267 952 3349 concretum
979 3283 1048 3326 esse

28 3351 186 3435 boselum,
211 3356 248 3416 nt
275 3352 342 3417 eius
371 3352 548 3437 adspiratio
571 3353 681 3438 gravis
705 3357 738 3418 et
759 3352 916 3438 pestilens
938 3349 1049 3414 futura

57 3435 105 3520 sit,
127 3439 180 3502 sin
200 3439 347 3504 inlustris
371 3444 403 3504 et
425 3439 590 3524 perlucida
613 3441 709 3506 stella
732 3437 927 3524 apparuerit,
952 3437 1050 3522 signi·

55 3520 137 3590 ficari
165 3529 288 3593 caelum
316 3549 385 3592 esse
414 3531 509 3592 tenue
536 3549 716 3612 purumque
744 3531 776 3590 et
806 3528 978 3612 propterea
1001 3544 1053 3587 sa·

102 3636 157 3682 010.
171 3638 210 3681 lv.
224 3642 243 3682 2.
803 3633 835 3681 13
