2458 3934
198 157 260 224 198
547 156 597 213 DE
617 155 858 212 DIVINATIONE

196 323 236 366 ex
252 301 293 366 iis
312 301 409 367 etiam
427 300 569 366 fructum
586 300 679 385 capio
700 299 823 366 laboris
842 300 914 383 mei,
936 301 991 386 qui
1006 301 1078 367 iam
1098 306 1200 367 aetate

175 389 341 473 'provecti
362 389 397 454 in
418 389 539 454 nostris
563 388 656 453 libris
681 388 906 472 adquiescunt3
934 411 1074 473 quorum
1098 391 1201 455 studio

195 477 324 563 legendi
350 499 458 544 mcum
481 476 641 544 scribendi
664 477 808 541 studium
831 476 1055 542 vehementius
1079 478 1118 542 in
1139 478 1202 543 dies

184 564 364 648 incitatum
392 585 472 649 quos
500 564 629 649 quidem
652 565 775 649 plures,
802 586 901 648 quam
922 565 1032 648 rebar,
1063 587 1136 631 esse
1158 587 1209 631 ee¹

189 652 304 738 'gnovi
338 652 548 738 Magnificum
566 653 648 718 illud
666 653 764 718 stiam
779 651 998 738 Romanisque
1016 653 1209 719 hominihus

199 740 391 827 gloriosum,
426 745 474 830 ut
498 739 629 806 Graccis
667 741 705 805 de
740 739 950 825 philosophia
986 741 1113 807 litteris
1143 763 1203 806 non

162 841 178 889 a
198 832 328 914 egeant3
351 828 437 915 quod
459 828 618 913 adsequar
635 828 790 914 profecto,
813 827 842 894 si
858 828 1013 894 instituta
1029 829 1202 915 perfecero.

197 917 246 982 Ac
269 917 349 982 mihi
373 917 501 1001 quidem
525 916 732 1001 explicandae
754 915 982 1002 philosophiae
1001 939 1140 984 causam
1157 917 1202 982 ad·

196 1005 274 1070 tulit
305 1027 399 1071 casus
431 1005 540 1091 gravis
573 1004 728 1087 civitatis,
760 1025 833 1069 eum
864 1004 899 1068 in
925 1005 1027 1070 armis
1056 1006 1209 1086 civilibus

196 1115 256 1159 nec
287 1094 373 1158 tueri
403 1115 475 1158 meo
507 1113 596 1159 more
622 1113 691 1158 rem
718 1091 883 1177 publicam
908 1114 968 1158 nec
994 1093 1084 1158 nihil
1113 1087 1209 1180 agerel

197 1184 346 1266 poteram
374 1201 446 1265 nce,
474 1180 551 1266 quid
577 1179 699 1264 potius,
730 1180 815 1264 quod
843 1179 972 1264 quidem
995 1203 1049 1247 me
1075 1182 1209 1268 <lignun¹

198 1271 292 1352 esset,
311 1289 450 1354 agerem,
468 1269 676 1353 reperiebam.
704 1267 838 1333 Dabunt
856 1268 959 1353 igitur
977 1269 1063 1334 mihi
1082 1270 1201 1335 veniam

197 1354 262 1420 mei
291 1355 377 1421 cives
406 1357 459 1422 vel
487 1355 628 1443 gratiam
654 1355 764 1441 potius
791 1355 972 1440 habebunt,
1002 1358 1109 1442 quod,
1138 1379 1200 1423 cum

199 1446 284 1509 esset
310 1443 345 1510 in
373 1443 468 1510 unius
495 1447 659 1529 potestate
686 1466 737 1509 res
765 1444 910 1529 publica,
936 1465 1041 1529 neque
1073 1467 1136 1532 ego
1156 1465 1200 1509 me

198 1531 307 1600 abdidi
325 1549 442 1616 ‘neque
474 1532 599 1598 deserui
630 1553 733 1616 neque
766 1531 875 1598 adflixi
899 1554 1005 1617 neque
1032 1534 1086 1599 ita
1114 1532 1209 1621 gessil

199 1620 292 1706 quasi
314 1621 438 1686 homini
461 1625 518 1686 aut
540 1620 741 1706 temporibus
764 1619 882 1703 iratus,
908 1642 1012 1704 neque
1035 1644 1139 1707 porro
1159 1621 1198 1684 ita

199 1712 256 1775 aut
288 1709 437 1776 adulatus
470 1711 527 1774 aut
559 1708 736 1774 admiratus
767 1707 932 1774 fortunam
960 1731 1033 1774 sum
1064 1709 1199 1788 alterius,

198 1801 236 1862 ut
266 1819 318 1862 me
351 1819 440 1864 meac
472 1796 660 1882 paeniteret.
704 1794 744 1861 Id
772 1795 858 1861 enim
884 1795 992 1881 ipsum
1020 1819 1041 1862 a
1070 1797 1197 1863 Platone

199 1884 470 1971 philosophiaque
489 1884 670 1968 didiceram,
688 1885 854 1950 naturales
873 1905 944 1950 esse
961 1885 1124 1969 quasdam
1137 1905 1209 1951 con:

199 1972 362 2038 versiones
385 1991 492 2039 rerum
512 1971 724 2059 publicarum,
746 1974 784 2037 ut
802 1994 858 2038 eae
875 1975 947 2038 tum
966 1995 986 2038 a
1003 1973 1209 2060 principibusl

164 2074 180 2122 u
200 2063 394 2145 tenerentur,
416 2064 486 2128 turn
506 2083 525 2126 a
542 2060 681 2146 populis,
704 2060 878 2145 aliquando
898 2083 918 2126 e
937 2060 1088 2147 singulis.
1116 2058 1209 2152 (lund¹

199 2170 272 2214 cum
295 2148 465 2214 accidisset
487 2152 618 2213 nostrae
641 2148 688 2213 rei
710 2147 868 2233 publicae,
890 2152 961 2214 tum
983 2149 1136 2232 pristinis
1157 2168 1209 2212 err

199 2235 270 2302 bati
291 2236 477 2302 muneribus
500 2237 580 2303 haec
603 2235 710 2302 studia
731 2257 888 2302 renovare
910 2237 1092 2321 coepimus,
1114 2240 1150 2301 ut
1170 2237 1195 2298 el

200 2324 326 2392 animus
344 2324 504 2391 molestiis
521 2322 583 2389 hae
600 2323 808 2409 potissimum
825 2346 861 2389 re
881 2325 1045 2390 levaretur
1065 2329 1100 2391 ct
1113 2322 1209 2409 prod*

199 2435 342 2479 essemus
374 2413 497 2479 civibus
529 2411 665 2495 nostris,
698 2434 762 2496 qua
792 2433 828 2477 re
859 2433 995 2498 eumque
1025 2417 1209 2498 possemusl

197 2501 238 2566 Iu
260 2501 352 2566 libris
376 2501 461 2566 enim
484 2501 679 2566 sententiam
702 2500 899 2585 dicebamus,
926 2500 1195 2578 contionabamur,

198 2589 440 2675 philosophiam
461 2588 556 2654 nobis
574 2610 634 2674 pro
653 2587 700 2652 rei
718 2588 867 2673 publicae
885 2589 1114 2674 procuratione
1132 2587 1194 2652 sub

199 2679 349 2744 stitutum
380 2677 585 2762 putabamus.
634 2673 729 2740 Nunc
761 2677 914 2761 quoniam
946 2677 984 2742 de
1010 2699 1048 2742 re
1074 2675 1194 2762 publica

199 2765 325 2831 consuli
342 2765 449 2850 coepti
467 2785 587 2848 sumus,
604 2763 777 2830 tribuenda
795 2768 847 2829 est
863 2785 963 2848 opera
980 2764 1028 2829 rei
1045 2764 1193 2850 publicae,

198 2852 250 2917 vel
284 2853 389 2918 omnis
421 2853 530 2939 potius
561 2852 596 2916 in
625 2873 664 2916 ea
693 2852 849 2937 cogitatio
879 2856 913 2916 et
942 2873 1019 2918 cura
1046 2850 1209 2938 ponendal

198 2943 328 3005 tantum
349 2939 425 3006 huie
447 2939 554 3005 studio
577 2939 831 3024 relinquendum,
855 2943 1012 3024 quantum
1035 2938 1193 3006 vacabite

198 3025 329 3112 publico
358 3026 464 3128 qfficio
492 3032 525 3094 et
551 3049 692 3093 munere.
728 3025 801 3128 ‚scd
826 3027 906 3094 haec
933 3028 1015 3092 alias
1041 3027 1192 3114 pluribus

160 3114 352 3270 emili
369 3115 1086 3278 bill}hhltllltthlltltb
1107 3202 1191 3267 aa

165 3264 333 3374 ⁸ruisset,
366 3313 447 3376 quae
480 3291 643 3374 superiore
675 3291 760 3356 libro
788 3292 909 3376 scripta
939 3295 1029 3376 sunt,
1060 3291 1209 3372 satisque³

200 3380 403 3443 ambulatum
435 3377 611 3460 videretur,
646 3381 716 3442 tum
739 3379 783 3443 ‚in
813 3378 1024 3461 bibliotheca,
1057 3399 1135 3464 quae
1162 3374 1189 3437 in

199 3465 298 3547 Lycio
326 3468 389 3546 est,
417 3464 606 3528 adsedimus.
651 3463 761 3547 Atque
788 3486 863 3551 ego:
890 3466 1054 3532 Adcurate
1075 3471 1112 3532 tu
1132 3461 1189 3548 qui·
