2490 3950
18 57 20 114 l

18 117 20 252 l

317 198 384 256 ΜΒ.
404 199 425 256 1.
446 199 522 290 cae.
543 207 654 258 rr-ao.
674 207 690 268 s
707 207 821 260 rs-sa.
1028 204 1069 268 21

18 299 20 394 i
81 341 185 406 existat
213 349 248 408 et
269 342 311 407 ad
331 365 392 409 nos
415 343 550 428 adfluat,
578 367 651 410 cum
674 347 823 412 maximis
845 346 1071 432 uoluptatibus

79 429 107 492 in
125 451 176 494 cas
193 430 353 514 imagines
372 436 515 497 mentem
531 432 692 498 intentam
710 434 906 520 infixamque
924 439 1071 501 nostram

77 516 325 604 intellegentiam
356 542 484 606 capere,
516 543 598 605 quae
630 522 674 587 sit
705 526 738 586 et
768 523 867 588 beata
893 528 1012 590 natura
1039 527 1073 588 et

79 608 207 671 aeterna.
259 604 394 672 Summa
425 629 502 674 vero
533 609 584 674 vis
615 608 786 676 infinitatis
819 615 853 676 et
883 632 1005 697 magna
1035 633 1072 677 ac
1091 625 1126 674 so

57 693 217 778 ⁵diligsnti
239 697 513 780 contemplatione
536 696 726 783 dignissima
749 703 811 784 est,
837 700 871 764 in
895 722 960 784 qua
980 701 1073 764 intel-
1127 771 1130 776 ,

76 781 134 867 legi
154 803 288 848 necesso
310 788 362 849 est
379 806 451 849 eam
470 807 540 850 esse
558 789 719 870 naturam,
739 791 778 851 ut
795 788 905 853 omnia
923 789 1073 854 omnibus

75 869 197 952 paribus
229 871 323 956 paria
344 874 569 959 respondeant.
613 871 708 940 Hanc
729 876 906 960 ἰσονομίαν
930 877 1074 961 appellat

75 956 236 1044 Epicurus,
258 960 292 1025 id
316 964 366 1024 est
388 961 591 1045 aequabilem
609 962 828 1028 tributionem.
868 962 919 1027 Ex
936 964 998 1028 hac
1015 965 1074 1048 igi-

75 1049 121 1110 tur
144 1047 229 1113 illud
255 1047 407 1133 efficitur,
438 1049 468 1114 si
494 1049 681 1115 mortalium
708 1054 802 1116 tanta
824 1051 999 1117 multitudo
1022 1053 1074 1135 sit,

45 1150 64 1187 1⁰
75 1155 136 1199 esse
153 1135 380 1202 inmortalium
396 1159 464 1202 non
481 1137 648 1222 minorem,
667 1141 701 1203 et
719 1139 756 1224 si,
775 1161 857 1224 quae
874 1139 1074 1223 interimant,

74 1221 317 1289 innumerabilia
339 1225 415 1310 sint,
438 1225 536 1290 etiam
555 1247 601 1312 ea,
624 1248 706 1310 quae
725 1231 926 1313 conservent,
947 1228 1075 1292 infinita

74 1331 136 1375 esse
168 1313 296 1378 debere.
348 1312 394 1379 Et
426 1335 579 1399 quaerere
609 1336 629 1379 a
659 1316 767 1399 nobie,
798 1315 916 1400 Balbe,
953 1317 1075 1400 soletis,

75 1419 147 1482 quae
172 1400 246 1466 vita
274 1399 406 1466 deorum
435 1402 493 1486 sit,
521 1423 665 1486 quaeque
688 1404 729 1469 ab
751 1403 792 1468 iis
816 1403 954 1490 degatur
976 1409 1074 1470 aetas.

73 1484 116 1550 Ea
139 1488 306 1572 videlicet,
337 1512 402 1573 qua
428 1491 511 1556 nihil
534 1491 675 1573 beatius,
702 1491 785 1556 nihil
807 1493 957 1557 omnibus
980 1492 1075 1557 bonis
1093 1507 1126 1554 51

46 1574 253 1642 sufficentiae
283 1578 422 1663 cogitari
453 1581 572 1663 potest.
621 1576 714 1644 Nihil
746 1580 831 1644 enim
863 1581 945 1664 agit,
976 1580 1075 1644 nullis

76 1664 337 1749 occupationibus
374 1669 426 1730 est
455 1665 644 1751 inplicatus,
679 1668 770 1731 nulla
802 1688 902 1750 opera
933 1667 1076 1750 molitur,

76 1771 126 1816 sua
142 1753 309 1839 sapientia
326 1757 360 1818 ct
377 1754 499 1818 virtute
516 1755 645 1839 gaudet,
665 1754 766 1818 habet
785 1755 988 1838 exploratum
1005 1754 1076 1819 fore

75 1859 104 1903 se
124 1862 256 1926 semper
277 1863 350 1907 cum
371 1842 407 1906 in
429 1842 593 1926 maximis,
614 1846 687 1906 tum
708 1841 744 1906 in
766 1841 906 1906 aeternis
928 1842 1076 1927 volupta-

74 1927 162 1994 tibus.
211 1928 308 1994 Hunc
339 1930 433 1995 deum
461 1930 524 1995 rite
553 1930 686 1995 beatum
714 1929 900 2014 dixerimus,
931 1934 1076 1996 vestrum
1086 1903 1129 2030 252

47 2029 143 2082 tuero
160 2017 464 2084 laboriosissimum.
497 2015 570 2084 Sive
590 2018 676 2084 enim
689 2017 760 2104 ipse
775 2018 912 2084 mundus
927 2019 1076 2104 deusest,

75 2104 144 2187 quid
171 2107 287 2191 potest
314 2127 384 2172 esse
411 2106 518 2172 minus
546 2106 691 2190 quietum
719 2128 816 2190 quam
841 2107 933 2173 nullo
955 2110 1076 2192 puncto

76 2193 227 2278 temporis
258 2193 444 2260 intermisso
480 2193 604 2259 versari
633 2194 753 2259 circum
782 2217 875 2260 axem
904 2197 986 2267 caeli
1023 2196 1077 2261 ad-

77 2280 215 2347 mirabili
237 2282 425 2348 celeritate?
453 2281 518 2347 nisi
540 2281 686 2366 quietum
710 2287 818 2348 autem
839 2283 922 2348 nihil
945 2285 1077 2349 beatum

77 2373 133 2453 est3
155 2371 228 2435 sive
249 2369 284 2434 in
305 2369 377 2455 ipso
400 2370 519 2435 mundo
543 2371 620 2435 deus
642 2371 728 2436 inest
751 2371 878 2456 aliquis,
901 2371 958 2454 qui
975 2373 1077 2454 regat,

48 2458 127 2540 aqui
153 2459 326 2544 gubernet,
353 2459 409 2543 qui
436 2479 548 2523 cursus
576 2462 752 2544 astrorum,
780 2459 976 2524 mutationes
999 2461 1078 2522 tem-

78 2567 197 2630 porum,
219 2568 328 2612 rerum
350 2545 588 2612 vicissitudines
607 2547 798 2631 ordinesque
816 2549 993 2630 conservet,
1014 2549 1078 2609 ter·

78 2653 124 2697 ras
149 2639 184 2699 ct
213 2635 318 2700 maria
345 2635 567 2719 contemplans
594 2635 763 2700 hominum
790 2633 959 2698 commoda
977 2633 1078 2718 ritas·

79 2741 133 2803 que
161 2725 308 2807 tueatur,
337 2745 378 2787 ne
406 2723 463 2788 ille
493 2727 543 2787 est
569 2723 744 2808 inplicatus
768 2721 914 2788 molestis
936 2721 1076 2807 negotiis

80 2812 107 2871 et
131 2811 290 2896 operosis!
335 2809 406 2876 Nos
434 2814 543 2877 autem
570 2811 701 2876 beatam
723 2810 826 2875 vitam
847 2809 883 2874 in
905 2809 1006 2876 animi
1029 2830 1075 2875 sa
1094 2823 1127 2872 53

50 2897 209 2964 uenture
237 2899 332 2963 etin
360 2900 504 2964 omnium
530 2899 699 2965 vacatione
727 2919 896 2964 munerum
917 2899 1078 2984 ponimus.

80 2980 192 3052 Docuit
223 2987 310 3053 enim
340 3009 401 3052 nos
427 2985 525 3071 idem,
558 2987 615 3070 qui
637 2989 756 3070 cetera,
782 2990 901 3052 natura
930 2987 1080 3052 effectum

81 3091 143 3138 esse
165 3074 335 3159 mundum,
363 3076 446 3140 nihil
470 3096 550 3159 opus
572 3073 673 3139 fuisse
695 3074 828 3156 fabrica,
851 3078 984 3159 tamque
1008 3097 1080 3139 eam

81 3180 141 3226 rcrn
164 3185 235 3228 csse
256 3163 395 3247 facilem,
419 3185 517 3248 quam
538 3184 597 3228 vos
621 3161 705 3228 effici
726 3163 856 3249 negatis
879 3164 949 3228 sine
972 3162 1081 3226 divina

82 3268 169 3328 posse
198 3251 358 3334 sollertia,
388 3254 426 3315 ut
452 3250 697 3315 innumerabilis
725 3255 843 3316 natura
870 3248 1006 3314 mundos
1038 3248 1080 3311 ef-

53 3333 208 3418 ³⁵lectura
231 3339 287 3422 sit,
320 3339 453 3421 efficiat,
487 3338 635 3403 affecerit.
689 3336 782 3414 Quod
813 3337 889 3419 quia
916 3357 1012 3418 quern
1042 3336 1082 3399 ad

83 3425 205 3491 modum
233 3430 351 3492 natura
379 3427 506 3491 efficere
534 3425 602 3490 sine
626 3425 737 3508 aliqua
759 3427 867 3489 mente
889 3422 995 3508 possit
1016 3444 1083 3487 non

83 3511 204 3598 videtis,
236 3518 274 3579 ut
305 3514 425 3600 tragici
457 3517 588 3598 poitae,
616 3535 688 3577 eum
713 3511 874 3596 explicare
898 3510 1082 3592 argumenti
