2476 3936
337 167 404 222 Lm.
423 168 471 228 IV.
491 168 566 226 οΑΡ.
586 177 681 227 ο-ιε.
705 177 719 237 ς
738 177 834 227 e-14.
1025 171 1090 236 359

87 313 183 382 ιίαιίίί
207 311 287 380 inne
318 313 429 392 iocum,
458 319 495 380 ni
524 316 661 380 ostendet
692 313 857 380 veteribus
887 315 1090 401 displicuisse

86 401 242 467 Romanis
267 403 319 467 vel
342 402 468 468 laudari
490 425 684 488 quemquam
706 403 742 468 in
765 427 881 470 scaena
902 405 1012 470 vivum
1035 405 1091 470 he-

86 490 206 556 minem
233 491 286 556 vel
312 490 499 576 vituperari.
540 494 748 577 (Anpnsiinus
774 495 811 558 de
832 495 886 559 eie.
909 494 959 558 dei
981 492 1028 557 II
1045 492 1091 577 9.)

151 577 346 646 Onnoedinm
372 600 433 646 esse
455 579 560 646 Cicero
582 584 629 646 nii
649 584 851 648 imitationem
873 583 966 661 citae,
988 562 1141 664 specnll

55 668 150 734 snm
172 669 410 748 ωιιιιιιιιιις,
438 669 604 752 iuuenem
625 672 770 738 ueritatis.
806 670 937 752 (naut.
959 673 995 736 n
1017 691 1090 735 aa.
1111 642 1142 690 ¹³

83 757 180 840 inp.
202 756 311 822 LVII
330 757 448 823 Terent.
472 759 516 823 ed.
542 757 695 837 Wesieri„
712 781 746 842 p.
769 759 859 825 XVI
878 766 899 825 9
920 758 1041 842 Klein.)

148 845 206 912 Au
225 845 305 910 ieunc
322 847 561 912 convenientiam
573 850 715 929 pertinet,
732 849 814 930 qnod
830 850 923 913 etium
940 849 1091 915 scaenicos

82 939 199 1000 ueteres
225 936 391 1000 cunnum
415 936 595 1017 fabularum
620 957 684 1002 non
705 958 804 1020 perne
825 938 959 1002 civitatis
980 936 1092 1001 honore

81 1023 192 1106 dipnos
213 1024 441 1103 enistincrnni,
463 1025 625 1106 siqnidem,
652 1027 734 1107 qnod
753 1027 788 1090 in
810 1047 843 1090 ec
864 1045 979 1108 quoqne
1000 1025 1037 1089 de
1058 1044 1091 1125 τι

42 1111 1091 1288 ²⁰ninenunensennensis

80 1310 151 1353 rem
179 1289 345 1373 publicam
372 1289 559 1376 capessivit,
589 1295 622 1356 ei
644 1291 902 1376 Aristodemum,
929 1289 1091 1376 tragicum

80 1377 163 1442 item
191 1381 347 1462 actorem,
374 1379 524 1444 maximis
552 1379 591 1446 de
613 1381 710 1446 rebus
732 1381 822 1466 pacis
846 1383 879 1445 ei
902 1380 982 1444 belli
1004 1379 1091 1465 lega

80 1470 154 1532 ium
173 1466 214 1532 ad
227 1466 415 1552 Philippum
429 1467 644 1534 Athenienses
664 1491 760 1555 saepe
778 1470 945 1534 miserunt.
967 1467 1091 1552 (Δαμα-

41 1557 184 1622 ιοείίκαε
206 1556 242 1620 de
263 1557 317 1622 ωὀ.
340 1557 389 1621 dei
410 1555 457 1621 ΙΙ
474 1557 538 1639 11.)
1102 1624 1143 1687 12

151 1649 236 1719 Oine
254 1649 319 1738 γάρ
339 1649 451 1719 ἀπασα
468 1653 581 1740 τέρψις
600 1653 748 1740 μεμπτὸν
768 1651 845 1722 ούτε
858 1655 917 1738 τῆς
931 1668 1091 1737 μουσικης
1110 1701 1144 1750 14

81 1747 167 1834 αὕτη
195 1749 303 1834 τέλος,
332 1747 407 1818 ἀλλ’
437 1748 459 1838 ἡ
488 1749 549 1838 μὲν
576 1756 773 1837 ψυχαγωγία
799 1748 882 1817 κατὰ
909 1749 947 1816 τὸ
972 1753 1091 1835 συμβε-

79 1843 203 1932 βηκός,
227 1843 351 1926 σκοπὸς
373 1845 411 1914 δὲ
434 1843 453 1915 δ
477 1854 692 1935 προκείμενος
715 1845 736 1933 ἡ
760 1845 844 1934 πρὸς
866 1844 987 1934 ἀρετὴν
1006 1845 1092 1932 ἀφέ-

80 1951 169 2011 λεια·
199 1939 279 2031 ὅπερ
307 1943 453 2024 πολλούς
475 1970 510 2012 τε
533 1943 656 2026 ἀλλους
679 1950 779 2012 ἔλαθε
801 1945 857 2011 καλ
880 1943 940 2012 τὸν
964 1947 1092 2022 ἐντοῖς

41 2059 66 2098 20
80 2041 275 2128 Κικέρωνος
296 2043 358 2108 τού
377 2038 541 2127 Ῥωμαίου
564 2049 786 2120 πολιτικοῖς
808 2040 849 2108 τὰ
871 2040 954 2109 κατὰ
977 2060 1092 2129 μουσι-

79 2143 152 2225 κῆς,
165 2139 358 2226 ’γρηθέντα
383 2135 425 2206 ού
443 2137 508 2227 γάρ
528 2137 625 2226 ἔγωγ’
646 2135 691 2206 ἀν
710 2145 814 2226 φαίην
834 2141 948 2229 ἐκείνῳ
967 2137 1007 2206 τά
1026 2162 1092 2206 τοι-

80 2242 168 2304 αῦτα
200 2239 372 2325 εἰρῆσθαι·
402 2238 472 2314 πῶς
502 2235 568 2322 γὰρ
600 2235 644 2304 ἀν
675 2260 725 2316 τις
753 2233 858 2304 αὐτὸν
886 2240 1091 2323 ίσγυρίσαιτο

80 2332 248 2422 μουσικὴν
266 2335 437 2420 λοιδορεῖν
454 2357 490 2400 τε
508 2333 563 2399 καί
583 2331 628 2412 ἀς
646 2327 781 2419 φαύλην
799 2329 959 2400 εὐθύνειν
973 2333 1093 2420 τέχνην

80 2429 257 2520 άρμονιτόν
285 2456 320 2499 τε
346 2431 402 2498 καλ
431 2433 573 2518 ῥυθμῶν
601 2429 720 2519 ἀρετάς
746 2454 781 2497 τε
808 2430 864 2497 καί
886 2436 1001 2509 κακίας
1024 2434 1093 2498 διο-

42 2547 67 2587 25
81 2533 258 2616 ρίζουσανς
282 2525 401 2615 ἀνδρα,
425 2523 463 2607 δς
484 2525 522 2594 τὸ
541 2530 723 2613 τηνικαῦτα
742 2528 886 2612 ῥυθμοῖς
904 2527 1020 2613 μόνοις
1037 2528 1093 2594 καὶ

80 2624 214 2704 τούτοις
236 2621 392 2710 ἀγεννέσι
410 2626 466 2693 καλ
486 2624 630 2713 φαύλοις
648 2623 920 2710 ἐπιδεικνύμενον
935 2622 1093 2695 Ῥούστιον

80 2721 145 2791 τὸν
165 2720 332 2810 ὀρχηστὴν
351 2721 439 2791 οὕτω
459 2722 593 2812 σφόδρα
612 2722 830 2808 ἐξεπλήττετο,
850 2719 933 2791 ὥστε
952 2722 1094 2810 φάσκειν

82 2818 191 2888 αὐτὸν
220 2825 363 2909 προνοίᾳ
389 2823 484 2888 θεάν
509 2822 541 2900 ἐς
563 2818 768 2907 ἀνθρώπους
790 2827 981 2907 παρελθεῖν.
1026 2821 1095 2890 Καὶ

82 2916 150 3005 γὰρ
174 2923 208 2985 εί
226 2942 276 2996 τις
299 2915 404 2987 αὐτὸν
427 2917 552 3004 φάσκοι
574 2917 614 2985 τά
634 2915 695 3004 μὶν
715 2919 751 2984 ἐν
769 2908 791 3006 ᾖ
810 2919 1019 3006 συγγέγραφε
1037 2941 1095 2988 πο-

43 3033 68 3074 ³⁰
83 3019 191 3105 λιτείρι
217 3015 328 3101 λε’γειν
356 3015 530 3101 ἑκουσίως,
557 3014 598 3082 τὰ
628 3014 665 3082 δὲ
688 3014 763 3102 περὶ
782 3011 942 3083 Ῥωσκιον
965 3038 1095 3104 προκει-

83 3114 186 3199 μένης
214 3111 325 3180 ἓνεκεν
353 3109 560 3200 ὑποθέσεως,
589 3109 821 3200 ἀντιστρέφειν
849 3111 910 3198 μὲν
932 3112 988 3179 καὶ
1009 3109 1095 3198 ἡμᾶς

83 3206 187 3276 οὐδὲν
205 3208 348 3277 κωλύσει
366 3207 427 3277 τὸν
446 3207 552 3279 αὐτὸν
566 3208 678 3295 λόγον.
713 3205 798 3276 Ἀλλ’
816 3206 906 3294 ὅμως
919 3209 974 3276 καὶ
989 3207 1095 3288 οὕτως

82 3305 187 3374 λάθοι
218 3330 268 3386 τις
299 3300 344 3373 ἀν
375 3302 630 3392 ἀποδοκιμάζων
661 3309 806 3392 μᾶλλον,
840 3302 922 3372 ὅσον
954 3308 1001 3384 είς
1031 3304 1094 3392 τὴν

82 3405 259 3491 παροῦσαν
278 3403 407 3487 σκέψιν,
425 3397 446 3487 ἢ
462 3401 619 3482 συνιστὰς
632 3401 693 3470 τὸν
708 3401 847 3491 ῥήτορα·
862 3399 1095 3482 ἀναξιόπιστος

43 3520 69 3562 es
82 3499 149 3588 γάρ
177 3498 260 3588 πρὸς
286 3496 448 3587 ἀληθείας
475 3497 609 3588 εὕρεσιν
635 3495 657 3588 ἢ
687 3503 820 3568 δικαίαν
846 3505 957 3587 κρίσιν
981 3495 1000 3567 ὅ
1022 3513 1094 3579 ταῖς
