2490 3950
136 127 181 190 26
445 124 495 177 DE
513 123 665 178 NATURA
682 121 837 177 DEORUM

137 273 189 334 cst
202 269 346 335 veritas?
368 267 409 332 In
421 268 559 350 mundis,
572 268 678 351 oredo,
689 265 979 332 innumerabilibus
994 265 1171 330 omnibus

137 357 280 422 minimis
303 360 487 442 temporum
509 356 639 441 punctis
662 355 737 419 aliis
758 354 975 438 nascentibus,
998 352 1076 417 aliis
1101 375 1171 419 ca·

139 445 298 511 dentibus.
343 444 397 509 An
418 445 455 508 in
475 443 650 508 individuis
673 443 872 528 corpusculis
894 445 964 506 tam
977 442 1172 526 praeclara

139 555 239 619 opera
251 534 343 598 nulla
356 533 544 598 moderante
552 536 680 616 natura,
688 532 781 596 nulla
789 531 915 595 ratione
924 529 1169 615 fingentibus?

140 619 202 686 Sed
224 621 347 686 oblitus
369 620 578 686 liberalitatis
602 641 706 702 meae,
734 642 798 704 qua
819 623 926 684 tecum
948 618 1049 703 paulo
1073 623 1169 684 ante
1204 639 1235 679 5³

139 710 190 774 uti
211 731 390 794 coeperam,
410 709 507 794 plura
529 708 735 793 complector.
781 705 961 772 Concedam
982 705 1088 792 igitur
1115 729 1170 772 ex

139 797 312 862 individuis
331 801 480 862 constare
499 796 616 861 omnia
650 793 735 870 Quid
748 795 894 860 adrem?
913 795 1047 859 deorum
1063 795 1168 860 enim

86 897 122 946 68
140 889 259 950 natura
288 885 462 970 quaeritur.
512 882 586 948 Sint
616 905 694 948 sane
721 905 760 948 ex
787 883 921 967 atomis3
951 904 1020 947 non
1045 883 1169 968 igitur

141 973 272 1039 aeterni.
318 971 411 1048 Quod
438 973 525 1038 enim
552 993 591 1036 ex
618 972 750 1056 atomis,
776 971 810 1035 id
835 975 950 1036 natum
973 970 1166 1054 aliquando

141 1065 205 1144 est,
232 1061 261 1125 si
287 1064 415 1145 natum,
440 1061 525 1125 nulli
547 1060 599 1124 dei
621 1063 696 1124 aute
718 1082 818 1144 quam
838 1059 923 1143 nati;
950 1061 984 1123 et
1006 1058 1035 1122 si
1059 1063 1165 1124 ortus
1187 1082 1216 1120 ιο
1234 1073 1235 1116 3

141 1154 192 1213 est
214 1149 356 1232 deorum,
378 1149 530 1214 interitus
554 1148 597 1212 sit
614 1169 745 1214 neeesse
763 1151 823 1231 est,
845 1150 883 1212 ut
900 1151 937 1211 tu
954 1146 1054 1231 paulo
1075 1153 1165 1213 ante

142 1237 181 1300 de
203 1235 351 1301 Platonis
372 1236 498 1300 mundo
526 1235 725 1321 disputabas,
769 1234 963 1320 Ubi-igitur
989 1234 1074 1300 illud
1100 1259 1165 1302 ve-

51 1325 56 1331 '
143 1328 246 1388 strum
277 1324 412 1390 beatum
442 1327 476 1388 et
507 1324 695 1388 aetemum‘?
733 1323 849 1408 quibus
884 1322 1008 1388 duobus
1040 1325 1164 1390 verbis

143 1411 333 1497 significatis
355 1413 463 1495 deum3
484 1412 572 1495 quod
593 1433 667 1477 eum
689 1411 816 1476 efficere
833 1411 943 1496 vultis,
965 1411 1000 1475 in
1018 1413 1164 1478 dumeta

142 1499 326 1584 conrepitis.
361 1499 414 1565 Ita
437 1499 523 1564 enim
546 1499 685 1584 dicebas,
705 1521 772 1564 non
794 1521 912 1585 corpus
934 1521 1005 1564 esse
1027 1499 1062 1564 in
1082 1501 1161 1588 deo,
1181 1522 1211 1562 15
1234 1519 1235 1550 r

143 1589 199 1654 sed
222 1588 315 1673 quasi
338 1609 467 1673 eorpus,
493 1609 554 1654 nee
577 1587 781 1674 sanguinem,
808 1589 865 1653 sed
886 1591 1056 1671 tamquam
1081 1610 1161 1654 san-

167 1698 284 1742 umam.

89 1703 133 1843 ἓξ
144 1699 166 1763 g
208 1764 281 1830 Hoc
311 1787 466 1851 persaepe
497 1764 621 1848 facitis,
651 1768 701 1848 ut,
733 1785 806 1829 eum
838 1764 961 1848 aliquid
986 1786 1053 1829 non
1083 1767 1162 1830 veri

144 1853 250 1918 simile
278 1853 393 1918 dicatis
421 1858 454 1917 et
477 1853 618 1938 effugere
639 1851 922 1937 reprehensionem
944 1852 1067 1937 velitis,
1099 1855 1161 1919 ad-

142 1940 256 2005 feratis
285 1941 419 2024 aliquid,
447 1940 533 2024 quod
560 1940 690 2006 omnino
717 1962 758 2005 ne
784 1941 856 2005 fieri
883 1941 1012 2025 quidem
1034 1944 1161 2028 possit,
1177 1964 1207 2003 20
1234 1967 1235 1986 1

143 2032 180 2093 ut
203 2028 306 2092 satius
324 2027 424 2093 fuerit
440 2027 523 2094 illud
540 2028 656 2114 ipsum,
679 2027 718 2092 de
737 2050 801 2113 quo
820 2029 1057 2116 ambigebatur,
1079 2051 1160 2095 con-

144 2115 254 2180 cedere
284 2137 382 2200 quam
408 2119 477 2182 tam
499 2116 691 2201 inpudenter
712 2117 873 2182 resistere.
913 2116 1013 2181 Velut
1034 2117 1160 2202 Epicu-

143 2225 296 2269 ruscum
320 2204 453 2289 videret,
476 2205 505 2270 si
528 2205 629 2280 atomi
650 2203 813 2270 ferrentur
834 2204 870 2269 in
891 2205 999 2271 looum
1021 2205 1159 2272 inferio-

143 2313 211 2356 rem
245 2295 360 2377 suopte
391 2292 544 2378 pondere,
576 2292 658 2357 nihil
685 2291 755 2357 fore
781 2293 817 2357 in
842 2298 956 2358 nostra
978 2297 1158 2380 potestate,

144 2380 231 2464 quod
253 2384 339 2445 esset
357 2401 468 2446 earum
486 2385 594 2446 motus
613 2383 720 2446 certus
738 2384 772 2446 et
783 2382 993 2465 necessarius,
1016 2381 1158 2468 invenit,
1173 2403 1202 2444 aa

145 2489 209 2551 quo
235 2469 331 2534 modo
358 2468 585 2534 necessitatem
613 2469 781 2553 effugeret,
809 2469 895 2552 quod
916 2469 1067 2535 videlieet
1089 2469 1157 2536 De·

144 2556 315 2621 mocritum
337 2555 481 2641 fugerat3
510 2555 557 2622 ait
580 2559 740 2640 atomum,
763 2579 836 2622 oum
858 2558 998 2642 pondere
1022 2562 1055 2622 et
1078 2579 1157 2644 gra·
1234 2617 1235 2622 ,

144 2643 246 2708 vitate
282 2644 410 2710 derecto
442 2645 575 2709 deorsus
606 2643 745 2728 feratur,
781 2644 942 2710 declinare
973 2646 1156 2732 paululum.

91 2743 126 2792 ao
144 2729 216 2796 Hoc
244 2731 346 2796 dicere
373 2731 500 2816 turpius
529 2736 578 2796 est
606 2754 705 2816 quam
730 2732 824 2818 illud,
857 2734 943 2818 quod
969 2735 1054 2818 vult,
1085 2756 1156 2800 non

145 2839 240 2904 posse
264 2817 440 2884 defendere.
475 2817 566 2886 Idem
587 2819 667 2885 facit
690 2824 804 2885 contra
822 2821 1022 2905 dialecticos,
1045 2845 1066 2886 a
1085 2823 1156 2907 qui·
1171 2845 1199 2884 ao

145 2906 206 2970 bus
236 2927 309 2970 oum
338 2906 496 2972 traditum
523 2907 566 2972 sit
592 2908 627 2972 in
651 2908 800 2974 omnibus
824 2908 1088 2994 diiunctionibus,
1117 2911 1156 2975 in

146 2992 262 3078 quibus
300 2991 382 3058 ‘aut
417 2996 534 3060 etiam
571 2999 635 3060 aut
665 2995 756 3062 non'
787 3001 976 3083 poneretur,
1012 2998 1156 3064 alterum

145 3084 256 3146 utrum
279 3101 349 3146 esse
372 3102 493 3166 verum,
515 3083 697 3169 pertimuit,
722 3106 777 3167 ne,
805 3085 834 3149 si
856 3107 1043 3152 eoncessum
1066 3092 1156 3152 esset

147 3167 241 3234 huius
270 3167 357 3234 modi
384 3167 519 3254 aliquid:
549 3170 636 3236 ‘Aue
662 3173 768 3237 vivet
795 3194 880 3238 eras
908 3179 1076 3240 autnon
1097 3176 1155 3240 vi-

145 3259 209 3323 vet
226 3255 441 3343 Epicurus',
465 3259 658 3323 alterutrum
680 3261 775 3324 fieret
795 3262 1022 3348 necessarium,
1045 3267 1153 3328 totum
1170 3285 1198 3326 aa

145 3343 208 3410 hoo
230 3343 312 3411 ‘aut
335 3347 453 3411 etiam
476 3350 542 3410 aut
563 3345 655 3410 non'
677 3349 812 3433 negavit
834 3371 905 3414 esse
922 3352 1154 3436 necessarium,

145 3453 210 3516 quo
240 3433 318 3518 quid
347 3433 409 3498 diei
435 3434 543 3519 potuit
570 3434 742 3500 obtusius?
786 3435 960 3522 Urguebat
989 3438 1153 3505 Arcesilas
