2510 3936
169 188 237 254 392
558 185 609 240 DE
627 182 783 241 LEGIBUS

168 333 304 398 levitate
339 332 428 396 onim
459 334 495 396 et
524 331 688 395 suavitate
718 327 883 394 delectans
915 328 962 393 sio
993 329 1036 393 ab
1067 349 1180 394 errore

170 421 289 486 mentis
314 423 485 503 tamquam
511 419 656 483 salutare
683 416 808 500 aliquid
834 416 1039 500 adsciscitur3
1065 415 1181 480 simili-

170 531 233 593 que
262 508 395 572 inscitia
424 529 514 572 mors
543 507 673 593 fugitur
704 505 798 590 quasi
829 505 1003 569 dissolutio
1032 508 1182 586 naturae,

169 597 240 662 vita
261 597 433 680 expetitur,
455 595 533 679 quia
553 617 625 679 nos,
645 597 682 659 in
702 615 768 678 quo
790 593 861 658 nati
883 613 1005 676 sumus,
1027 593 1183 675 continet,

170 684 265 750 dolor
290 684 327 749 in
347 684 500 749 maximis
521 683 618 748 malis
642 683 769 748 ducitur
791 703 890 765 quom
912 703 974 746 sua
995 681 1209 765 asperitates

118 784 153 833 ³2
170 777 243 838 tum
265 772 353 857 quod
372 776 511 838 naturae
532 772 685 836 interitus
706 770 836 836 ridetur
853 770 960 854 sequi3
981 773 1185 854 propterque
1240 841 1241 846 ἵ

170 861 354 927 honestatis
371 865 406 926 et
424 861 550 948 gloriae
567 858 814 924 similitudinem
831 858 930 942 besti,
953 858 1011 941 qui
1028 856 1185 922 honorati
1240 869 1241 940 l

172 954 261 1034 sunt,
282 949 447 1033 ridentur,
469 948 581 1014 miseri
602 952 726 1030 eutem,
748 946 806 1030 qui
827 949 904 1011 sunt
925 945 1072 1031 inglorii
1119 945 1186 1010 Mo
1240 955 1241 976 ¹

170 1039 287 1104 lestiae
307 1038 464 1121 laetitiae,
485 1036 681 1122 cupiditates
702 1035 838 1100 timores
861 1033 1015 1099 similiter
1036 1034 1185 1098 omnium

171 1131 297 1192 mentes
319 1129 550 1212 pervagantur,
569 1146 639 1208 nec,
660 1124 691 1189 si
708 1123 877 1208 opiniones
895 1122 981 1203 aliae
1000 1125 1080 1186 sunt
1100 1121 1185 1207 apud
1198 1139 1219 1176 1⁰

174 1214 270 1299 elios,
297 1214 432 1297 idcirco,
461 1213 518 1297 qui
546 1234 659 1278 canem
685 1215 720 1277 et
744 1210 864 1276 faelem
890 1214 928 1275 ut
955 1210 1035 1275 deos
1065 1211 1186 1292 colunt,

173 1324 240 1366 non
262 1301 375 1366 eadem
397 1301 640 1386 superstitione,
667 1322 732 1384 qua
753 1303 879 1365 ceterae
902 1302 1031 1384 gentes,
1059 1298 1186 1364 conflic-

174 1393 295 1454 tantur.
340 1387 430 1464 Quae
459 1392 569 1453 eutem
597 1389 688 1454 natio
714 1408 783 1452 non
808 1387 1012 1470 comitatem,
1041 1407 1114 1452 non
1136 1387 1186 1450 be

173 1478 379 1562 nignitatem,
397 1498 465 1542 non
482 1481 614 1562 gratum
632 1476 777 1542 animum
794 1479 828 1539 et
844 1475 994 1540 beneficii
1006 1497 1185 1540 memorem

173 1565 305 1652 diligit?
327 1587 410 1649 quse
433 1566 600 1649 superbos,
622 1587 705 1649 quse
726 1563 901 1647 maleficos,
924 1585 1009 1647 quse
1027 1563 1185 1644 crudeles,
1198 1579 1219 1618 1⁵

174 1675 256 1739 quae
282 1653 432 1740 ingratos
458 1675 525 1718 non
547 1657 753 1737 aspernetur,
777 1672 846 1716 non
867 1651 959 1718 odit?
996 1649 1128 1727 Quibus
1149 1673 1186 1715 ex

173 1743 270 1807 rebus
298 1764 397 1826 quom
422 1762 518 1806 omne
541 1763 643 1826 genus
665 1739 834 1805 hominum
857 1739 1018 1806 sociatum
1040 1740 1133 1805 inter
1153 1761 1185 1802 se

173 1850 244 1895 esee
265 1830 492 1915 intellegatur,
517 1829 600 1894 illud
622 1833 803 1894 extremum
825 1832 890 1912 est,
918 1827 1005 1912 quod
1028 1832 1121 1893 recte
1142 1827 1185 1893 ri·

173 1918 269 1984 rendi
291 1919 376 1983 ratio
395 1918 545 1983 meliores
569 1917 678 1982 efficit.
718 1915 808 1992 Quae
830 1916 860 1980 si
881 1915 1091 2000 adprobetis,
1118 1936 1185 2001 per·

145 2016 148 2022 ’
174 2028 252 2092 gam
283 2006 325 2071 ed
355 2006 495 2090 reliqua3
526 2005 578 2070 sin
598 2005 686 2106 ‘quid
712 2003 893 2088 requiritis,
923 2003 959 2067 id
985 2004 1184 2088 explicemus
1196 2020 1218 2058 ro

144 2149 165 2214 2
173 2095 273 2179 prius.
299 2094 377 2159 Ars.
390 2093 461 2158 Nos
478 2115 556 2158 vero
572 2093 666 2176 mhil,
683 2096 722 2158 ut
733 2115 794 2177 pro
807 2096 946 2176 utroque
959 2093 1184 2176 respondeam

122 2151 156 2276 {3
240 2181 289 2246 Μ.
318 2179 472 2264 Sequitur
501 2181 604 2266 igitur
631 2181 673 2246 ed
698 2181 960 2265 participandum
988 2180 1093 2245 aliurn
1121 2180 1184 2246 alio
1233 2197 1238 2206 “

174 2268 538 2352 communicandamque
563 2269 650 2334 inter
676 2289 787 2334 omnes
814 2268 866 2333 ius
888 2273 1094 2334 nosnatura
1117 2289 1185 2334 esse

173 2356 289 2423 foetos.
333 2356 444 2441 Atque
469 2356 532 2422 boc
558 2357 594 2421 in
621 2357 710 2422 omni
735 2356 797 2422 hac
824 2355 1046 2441 disputatione
1070 2358 1120 2422 sic
1140 2357 1184 2420 in·

174 2446 290 2532 tellegi
302 2446 388 2529 volo,
404 2447 455 2511 ius
469 2445 555 2529 quod
569 2445 683 2529 dicam,
700 2448 820 2510 nature
833 2465 913 2528 esse,
930 2447 1060 2510 tentum
1074 2449 1183 2510 autem
1195 2459 1216 2498 2⁵

175 2556 246 2600 esse
268 2533 487 2619 corruptelam
509 2533 615 2597 melae
638 2531 891 2617 consuetudinis,
914 2535 953 2596 ut
975 2533 1017 2597 eb
1041 2555 1081 2598 ee
1105 2537 1184 2599 tom-

175 2644 274 2707 quam
295 2621 431 2708 igniculi
454 2621 685 2706 extinguentur
708 2644 729 2685 a
749 2625 868 2686 natura
890 2620 960 2685 deti
983 2622 1183 2686 exorientur

176 2733 238 2795 que
255 2715 290 2775 et
307 2711 538 2776 confirmentur
555 2709 637 2774 vitiu
655 2709 827 2774 contrarie.
854 2707 985 2792 Quodsi,
1005 2730 1071 2792 quo
1087 2709 1182 2774 modo

175 2802 226 2864 est
255 2802 388 2882 nature,
425 2799 472 2864 sic
501 2796 620 2863 iudicio
652 2797 800 2862 homines
833 2795 1035 2881 ‘humani',
1067 2801 1107 2862 ut
1138 2797 1181 2862 ait

174 2890 286 2986 po’e‘te,
316 2886 431 2951 ‘nihil
461 2908 482 2950 a
510 2907 549 2950 se
579 2886 748 2950 alienum
774 2885 990 2969 putarent',
1022 2886 1215 2950 colereturo

95 2991 96 2996 ’
174 2994 225 3038 rus
245 2994 345 3055 ecque
365 2973 408 3038 ab
421 2974 580 3038 omnibus.
602 2972 726 3049 Quibus
741 2973 827 3038 onim
839 2973 924 3038 ratio
939 2995 960 3037 e
971 2977 1094 3039 nature
1107 2974 1180 3038 deta

175 3063 239 3143 cst,
270 3059 373 3126 isdem
401 3061 501 3125 etiem
527 3065 617 3126 recte
643 3061 728 3126 retio
757 3061 834 3126 dete
861 3064 924 3144 est,
955 3082 1034 3146 ergo
1063 3067 1097 3126 et
1123 3062 1180 3142 lex,
1240 3119 1241 3136 ,

176 3169 257 3231 quae
281 3151 332 3212 est
352 3148 544 3213 resturatio
563 3149 754 3214 iniubendo
774 3154 807 3213 et
824 3148 978 3232 vetando3
999 3149 1029 3213 si
1048 3150 1109 3234 lex,
1132 3149 1179 3212 ius
1240 3151 1241 3242 ,

176 3257 317 3320 quoque3
340 3241 372 3301 et
395 3236 545 3302 omnibus
568 3238 667 3321 retio3
688 3238 740 3302 ius
761 3238 863 3324 igitur
882 3237 994 3301 dutum
1013 3242 1065 3302 est
1083 3237 1179 3303 omni·
1240 3245 1241 3310 l

175 3322 251 3406 bus3
272 3328 421 3407 recteque
440 3322 589 3389 Socrates
612 3326 771 3390 exsecrari
794 3347 868 3390 eum
886 3325 1022 3408 solebat,
1045 3327 1102 3409 qui
1118 3325 1215 3409 pri-³⁵

123 3419 158 3468 84
175 3430 248 3474 mus
270 3411 449 3477 utilitatem
472 3434 492 3476 e
513 3411 583 3476 iure
602 3413 808 3496 seiunxisset3
830 3413 864 3478 id
882 3413 969 3478 enim
987 3413 1179 3497 querebatur

176 3501 273 3580 ceput
301 3519 371 3562 esse
399 3498 570 3563 exitiorum
595 3501 747 3566 omnium
787 3499 908 3584 †Unde
931 3501 1018 3566 enim
1040 3501 1101 3566 ills
1121 3500 1180 3585 Py·
