2476 3936
284 224 352 285 LIB.
372 227 419 280 m.
439 225 515 283 cAP.
535 234 648 284 21-24.
668 234 683 295 ς
702 235 815 285 ss-so.
1004 231 1070 296 345

58 391 134 438 esse
164 370 292 454 civitas,
322 374 360 434 ut
389 375 521 436 aeterna
548 372 601 438 sib.
645 371 760 458 Itaque
786 374 895 439 nullus
918 374 1069 440 interitus

58 464 111 525 est
142 460 190 524 rei
220 459 369 544 publicae
396 461 556 526 naturalis
583 465 622 524 ut
648 460 802 545 hominis,
831 463 866 527 in
894 484 957 547 quo
981 485 1069 530 mors

56 570 128 613 non
154 547 251 612 modo
278 549 462 614 necessaria
486 552 549 633 est,
578 571 690 615 verum
713 551 813 614 etiam
836 552 979 636 optanda
1001 574 1071 637 per·

58 657 167 721 saepe.
214 634 338 701 Oivitss
362 641 471 702 autem
494 659 566 702 oum
589 638 732 723 tollitur,
755 638 890 724 deletur,
914 640 1070 727 extingui-

21 743 32 782 5
57 729 128 809 tur,
157 722 264 789 simile
286 728 337 791 est
360 726 500 809 quodam
522 726 633 811 modo,
662 730 699 792 ub
721 749 823 811 parva
846 729 974 814 magnis
998 751 1070 794 oon-

55 814 215 896 feramus,
238 833 276 878 ao
299 813 328 879 si
349 814 455 878 omnis
476 814 529 879 hio
548 815 686 880 mundus
704 815 844 880 intereat
863 820 895 881 et
914 817 1070 883 concidat.

56 901 273 986 (Auoustiuus
294 903 332 967 de
352 903 407 968 oio.
429 903 479 968 dot
500 901 615 967 XXII
633 905 678 987 6.)
729 982 732 988 ,

128 990 281 1072 Quattuor
302 995 405 1056 autom
426 997 501 1056 suut
518 1011 631 1074 uerbera
654 991 808 1072 bettomm,
831 993 867 1058 id
884 997 929 1058 est
944 995 1070 1073 iustum,
1088 1007 1123 1058 35

56 1081 221 1158 iniustum,
244 1079 330 1144 cirtio
352 1083 381 1144 et
399 1079 471 1162 ptus
492 1099 587 1162 quom
608 1081 703 1146 uiuite.
744 1079 868 1146 Iustum
886 1081 997 1148 beilum
1019 1089 1070 1161 est,

22 1186 45 1226 ιο
56 1168 143 1252 quod
163 1187 202 1232 eu
218 1168 377 1249 proedioto
395 1169 547 1250 iuueritur
564 1169 601 1233 do
617 1169 706 1234 rebus
722 1170 857 1250 repetitis
875 1175 931 1234 out
941 1173 1070 1254 prurit-

56 1258 231 1324 somolorum
252 1256 385 1322 bostium
406 1276 509 1322 muso.
546 1257 706 1322 Iuiustum
728 1257 839 1322 bebium
860 1263 912 1338 est,
934 1261 1015 1341 quod
1035 1261 1072 1326 do

55 1346 175 1428 surore,
196 1364 260 1410 mou
281 1345 318 1409 do
339 1345 476 1427 bruttium
497 1347 618 1410 rotioue
638 1347 757 1423 iritum·
779 1347 815 1411 do
838 1367 897 1428 quo
914 1349 950 1412 iu
967 1369 1000 1412 ro
1011 1369 1071 1430 uu·

57 1437 141 1502 ttioo
165 1431 268 1500 Cicero
294 1434 390 1499 drmit:
417 1431 482 1498 Illa
507 1433 629 1498 iniusta
655 1433 743 1499 bella
771 1437 859 1518 sunt,
889 1435 1071 1519 quaesunt

59 1524 130 1588 sine
159 1543 258 1586 causo
285 1525 443 1606 suscepta.
489 1520 576 1587 Nam
604 1525 696 1586 extra
720 1523 895 1587 ulciscendi
918 1527 975 1588 aut
997 1546 1070 1608 pro-

24 1628 45 1669 15
58 1610 296 1697 pulsandorum
331 1610 476 1676 hostium
513 1631 643 1674 oausam
679 1611 802 1675 bellum
840 1611 910 1696 geri
946 1612 1070 1677 iustum

57 1701 189 1765 nullum
210 1702 329 1784 potest.
374 1700 421 1764 Et
448 1699 502 1764 boo
529 1699 611 1764 idom
635 1697 758 1764 Tullius
774 1700 885 1782 porois
906 1700 1072 1766 tutorieotis

58 1788 212 1856 subdidit:
239 1785 376 1852 Nullum
403 1787 526 1852 bellum
553 1786 676 1851 iustum
703 1785 843 1851 habetur
865 1786 929 1851 nisi
954 1787 1071 1852 denun-

58 1879 195 1958 tiatum,
221 1876 285 1940 nisi
311 1875 483 1960 indictum,
510 1873 575 1940 nisi
601 1875 749 1961 repetitis
772 1875 878 1939 robus.
913 1873 1072 1957 (Isidorus

59 1967 138 2049 orio.
161 1963 294 2032 XVIII
312 1969 339 2028 1.
363 1968 387 2030 2
408 1963 468 2048 so.)

23 2072 47 2112 so
127 2053 177 2118 M.
202 2051 326 2117 I'uttius
347 2053 384 2118 cto
405 2052 540 2134 republ.
564 2052 614 2118 tib.
637 2050 717 2117 III:
738 2049 862 2116 Noster
884 2055 994 2118 autem
1016 2075 1072 2137 po·

60 2144 160 2228 pulus
188 2140 283 2207 sociis
312 2140 518 2205 defendendis
545 2143 708 2206 terrarum
731 2139 797 2205 iam
821 2140 966 2206 omnium
988 2143 1072 2226 poti·

60 2236 116 2296 tus
140 2233 199 2294 est.
235 2229 375 2312 (Nomius
391 2251 426 2312 p.
448 2233 523 2294 498.
546 2229 611 2312 13.)

128 2317 319 2400 Disputatur
340 2322 417 2382 outo
438 2318 585 2382 ooorrime
607 2321 696 2399 atquo
715 2317 884 2397 fortissime
905 2317 941 2382 iu
960 2318 1071 2382 eisdem
1082 2295 1126 2360 24

60 2409 140 2490 ipsis
162 2409 198 2471 do
220 2426 253 2471 re
269 2407 395 2488 publicu
418 2405 506 2472 tibris
527 2405 673 2470 odoersus
694 2406 884 2470 iniustitiam
902 2425 961 2486 pro
982 2407 1071 2470 iusti·
1090 2374 1124 2422 ³⁶

24 2513 48 2554 2⁵
62 2499 117 2563 tio.
148 2495 196 2561 Et
209 2495 365 2577 quomrum,
388 2513 458 2560 oum
472 2493 563 2576 prius
580 2497 720 2579 moeretur
731 2513 792 2575 pro
809 2493 982 2557 iniustitiae
994 2513 1071 2574 por·

61 2587 145 2651 tibus
174 2587 282 2648 umbra
306 2583 460 2648 iustitium
486 2587 516 2646 ot
540 2583 690 2648 diceretur
715 2581 779 2646 uisi
799 2599 858 2662 per
884 2581 1073 2646 iniustitiam

61 2693 127 2740 rem
148 2671 305 2754 pubiicum
333 2675 415 2737 storo
439 2671 562 2753 uerique
587 2689 652 2735 uou
673 2689 775 2752 posse,
802 2669 857 2734 boo
880 2668 975 2734 ueluti
994 2670 1072 2734 outi-

61 2761 227 2828 dissimum
243 2761 382 2842 positum
402 2764 477 2838 erut,
499 2759 652 2824 iniustum
673 2777 744 2840 osse,
766 2762 803 2821 ut
823 2757 960 2822 homiues
977 2756 1073 2822 bomi-

61 2851 156 2916 mbus
186 2847 417 2914 domiuoutubus
437 2847 595 2924 -soroiout;
627 2865 722 2929 quom
751 2850 853 2910 tomeu
884 2846 1073 2910 iuiustitiom

25 2956 50 2997 ³⁰
62 2939 128 3004 uisi
150 2941 295 3020 sequatur
316 2937 480 3019 imperioso
502 2936 618 3012 oioitos,
641 2935 729 3000 ouius
750 2938 795 2998 est
815 2953 931 3017 moouo
953 2954 1001 2999 res
1012 2955 1073 3016 pu-

62 3028 153 3106 blico,
175 3045 239 3091 mou
261 3045 329 3090 eom
345 3044 435 3107 posse
450 3024 623 3107 prouinciis
644 3024 812 3105 impurare:
834 3043 1013 3105 responsum
1031 3026 1076 3086 est

62 3139 84 3182 o
96 3119 191 3198 purte
207 3114 344 3178 iustitiae
361 3115 428 3178 ideo
445 3114 562 3178 iustum
579 3131 649 3189 osso,
672 3113 753 3194 quod
770 3111 883 3176 tutibus
900 3111 1075 3175 homiuibus

62 3207 107 3270 stt
127 3203 217 3269 utilis
238 3203 377 3280 seruitus,
398 3206 428 3266 ot
442 3220 504 3283 uro
526 3199 660 3265 utilitate
681 3219 785 3264 eorum
807 3200 885 3282 fieri,
908 3219 976 3262 oum
998 3203 1075 3264 recto

61 3295 109 3376 fit,
132 3293 168 3357 id
188 3295 234 3356 ost
254 3311 324 3355 oum
345 3289 492 3371 improbis
514 3287 657 3369 aufertur
679 3285 870 3352 iuiuriorum
893 3286 1024 3368 tioeutiu,
1046 3290 1076 3350 et

25 3398 50 3439 ³⁵
63 3379 175 3447 domiti
196 3379 306 3444 metius
327 3397 358 3443 so
379 3377 536 3457 bobebrmt,
558 3377 634 3459 quio
655 3376 799 3444 indomiti
821 3375 951 3439 deterius
972 3393 1004 3439 se
1020 3373 1075 3438 bu-

63 3471 205 3548 bueruut,
227 3467 440 3548 subditumque
461 3469 512 3543 ost,
534 3468 571 3530 ut
591 3465 654 3530 isto
674 3465 756 3528 ratio
773 3464 960 3546 firmaretur,
982 3461 1076 3526 ootuti

63 3579 86 3625 u
113 3562 233 3624 uotum
258 3559 414 3637 sumptum
440 3553 538 3620 uobite
564 3553 733 3636 sumptum
759 3557 849 3635 utque
874 3551 989 3617 dictum
1015 3553 1075 3616 est:
