<?xml version="1.0" encoding="UTF-8"?>
<!DOCTYPE html PUBLIC "-//W3C//DTD XHTML 1.0 Transitional//EN"
    "http://www.w3.org/TR/xhtml1/DTD/xhtml1-transitional.dtd">
<html xmlns="http://www.w3.org/1999/xhtml" xml:lang="en" lang="en">
 <head>
  <title>
</title>
<meta http-equiv="Content-Type" content="text/html;charset=utf-8" />
  <meta name='ocr-system' content='tesseract 3.04.00' />
  <meta name='ocr-capabilities' content='ocr_page ocr_carea ocr_par ocr_line ocrx_word'/>
</head>
<body>
  <div class='ocr_page' id='page_1' title='image "./mtulliiciceroni03mlgoog_0278.png"; bbox 0 0 2452 3938; ppageno 0'>
   <div class='ocr_carea' id='block_1_1' title="bbox 285 205 1045 274">
    <p class='ocr_par' dir='ltr' id='par_1_1' title="bbox 285 205 1045 274">
     <span class='ocr_line' id='line_1_1' title="bbox 285 205 1045 274; baseline 0.02 -14"><span class='ocrx_word' id='word_1_1' title='bbox 285 206 353 261; x_wconf 79' lang='grc'>1111.</span> <span class='ocrx_word' id='word_1_2' title='bbox 371 207 406 262; x_wconf 88' lang='grc'><strong>11.</strong></span> <span class='ocrx_word' id='word_1_3' title='bbox 431 205 506 260; x_wconf 84' lang='lat' dir='ltr'><strong>cAP.</strong></span> <span class='ocrx_word' id='word_1_4' title='bbox 527 212 640 263; x_wconf 80' lang='grc'>11-11.</span> <span class='ocrx_word' id='word_1_5' title='bbox 664 212 680 273; x_wconf 78' lang='grc'><strong>1</strong></span> <span class='ocrx_word' id='word_1_6' title='bbox 698 213 812 265; x_wconf 82' lang='grc'>11-11.</span> <span class='ocrx_word' id='word_1_7' title='bbox 982 209 1045 274; x_wconf 79' lang='grc'><strong>227</strong></span> 
     </span>
    </p>
   </div>
   <div class='ocr_carea' id='block_1_2' title="bbox 10 349 1098 3593">
    <p class='ocr_par' dir='ltr' id='par_1_2' title="bbox 10 349 1098 3593">
     <span class='ocr_line' id='line_1_2' title="bbox 55 349 1046 437; baseline 0.003 -23"><span class='ocrx_word' id='word_1_8' title='bbox 55 350 312 434; x_wconf 87' lang='lat' dir='ltr'><strong>sisuscipiamus,</strong></span> <span class='ocrx_word' id='word_1_9' title='bbox 334 349 425 435; x_wconf 89' lang='lat' dir='ltr'><strong>pedis</strong></span> <span class='ocrx_word' id='word_1_10' title='bbox 449 349 582 416; x_wconf 83' lang='lat' dir='ltr'><strong>offensio</strong></span> <span class='ocrx_word' id='word_1_11' title='bbox 605 350 701 416; x_wconf 90' lang='lat' dir='ltr'><strong>nobis</strong></span> <span class='ocrx_word' id='word_1_12' title='bbox 724 354 759 416; x_wconf 89' lang='grc'><strong>11</strong></span> <span class='ocrx_word' id='word_1_13' title='bbox 777 351 929 437; x_wconf 80' lang='lat' dir='ltr'><strong>abruptio</strong></span> <span class='ocrx_word' id='word_1_14' title='bbox 949 353 1046 418; x_wconf 91' lang='lat' dir='ltr'><strong>corri-</strong></span> 
     </span>
     <span class='ocr_line' id='line_1_3' title="bbox 54 438 1096 556; baseline 0 -54"><span class='ocrx_word' id='word_1_15' title='bbox 54 438 114 523; x_wconf 84' lang='lat' dir='ltr'><strong>giae</strong></span> <span class='ocrx_word' id='word_1_16' title='bbox 135 442 168 502; x_wconf 91' lang='lat' dir='ltr'><strong>et</strong></span> <span class='ocrx_word' id='word_1_17' title='bbox 190 440 414 506; x_wconf 88' lang='lat' dir='ltr'><strong>sternumenta</strong></span> <span class='ocrx_word' id='word_1_18' title='bbox 437 442 531 502; x_wconf 87' lang='lat' dir='ltr'><strong>erunt</strong></span> <span class='ocrx_word' id='word_1_19' title='bbox 554 438 764 504; x_wconf 83' lang='lat' dir='ltr'><strong>observanda.</strong></span> <span class='ocrx_word' id='word_1_20' title='bbox 1054 491 1096 556; x_wconf 67' lang='lat'><strong>41</strong></span> 
     </span>
     <span class='ocr_line' id='line_1_4' title="bbox 107 523 1098 618; baseline 0.005 -28"><span class='ocrx_word' id='word_1_21' title='bbox 107 523 216 592; x_wconf 77' lang='lat' dir='ltr'>Sortes</span> <span class='ocrx_word' id='word_1_22' title='bbox 239 528 367 591; x_wconf 86' lang='lat' dir='ltr'><strong>restant</strong></span> <span class='ocrx_word' id='word_1_23' title='bbox 388 528 421 590; x_wconf 87' lang='lat' dir='ltr'><strong>et</strong></span> <span class='ocrx_word' id='word_1_24' title='bbox 444 524 612 609; x_wconf 75' lang='lat' dir='ltr'><strong>Chaldaei,</strong></span> <span class='ocrx_word' id='word_1_25' title='bbox 639 529 676 590; x_wconf 87' lang='lat' dir='ltr'><strong>ut</strong></span> <span class='ocrx_word' id='word_1_26' title='bbox 699 525 740 590; x_wconf 89' lang='lat' dir='ltr'><strong>ad</strong></span> <span class='ocrx_word' id='word_1_27' title='bbox 762 531 854 592; x_wconf 84' lang='lat' dir='ltr'><strong>vates</strong></span> <span class='ocrx_word' id='word_1_28' title='bbox 877 529 1043 595; x_wconf 87' lang='lat' dir='ltr'><strong>veniamus</strong></span> <span class='ocrx_word' id='word_1_29' title='bbox 1064 568 1098 618; x_wconf 73' lang='lat'><strong>,35</strong></span> 
     </span>
     <span class='ocr_line' id='line_1_5' title="bbox 52 612 1045 700; baseline 0.004 -22"><span class='ocrx_word' id='word_1_30' title='bbox 52 618 78 678; x_wconf 90' lang='lat' dir='ltr'><strong>ct</strong></span> <span class='ocrx_word' id='word_1_31' title='bbox 106 614 144 679; x_wconf 90' lang='lat' dir='ltr'><strong>ad</strong></span> <span class='ocrx_word' id='word_1_32' title='bbox 171 613 307 679; x_wconf 89' lang='lat' dir='ltr'><strong>somnia.</strong></span> <span class='ocrx_word' id='word_1_33' title='bbox 352 612 530 679; x_wconf 86' lang='lat' dir='ltr'><strong>Dicendum</strong></span> <span class='ocrx_word' id='word_1_34' title='bbox 557 613 658 699; x_wconf 86' lang='lat' dir='ltr'><strong>igitur</strong></span> <span class='ocrx_word' id='word_1_35' title='bbox 685 618 781 700; x_wconf 88' lang='lat' dir='ltr'><strong>putas</strong></span> <span class='ocrx_word' id='word_1_36' title='bbox 813 615 851 680; x_wconf 90' lang='lat' dir='ltr'><strong>de</strong></span> <span class='ocrx_word' id='word_1_37' title='bbox 879 617 1045 682; x_wconf 84' lang='lat' dir='ltr'><strong>sortibus?</strong></span> 
     </span>
     <span class='ocr_line' id='line_1_6' title="bbox 30 699 1045 790; baseline 0.005 -25"><span class='ocrx_word' id='word_1_38' title='bbox 30 699 122 776; x_wconf 69' lang='lat' dir='ltr'><strong>oQuid</strong></span> <span class='ocrx_word' id='word_1_39' title='bbox 139 703 227 767; x_wconf 87' lang='lat' dir='ltr'><strong>enim</strong></span> <span class='ocrx_word' id='word_1_40' title='bbox 245 722 316 767; x_wconf 74' lang='lat' dir='ltr'><strong>sors</strong></span> <span class='ocrx_word' id='word_1_41' title='bbox 335 702 407 766; x_wconf 77' lang='lat' dir='ltr'><strong>est?</strong></span> <span class='ocrx_word' id='word_1_42' title='bbox 430 700 521 767; x_wconf 86' lang='lat' dir='ltr'><strong>ldem</strong></span> <span class='ocrx_word' id='word_1_43' title='bbox 538 702 794 786; x_wconf 88' lang='lat' dir='ltr'><strong>propemodum,</strong></span> <span class='ocrx_word' id='word_1_44' title='bbox 813 703 900 787; x_wconf 91' lang='lat' dir='ltr'><strong>quod</strong></span> <span class='ocrx_word' id='word_1_45' title='bbox 917 704 1045 790; x_wconf 88' lang='lat' dir='ltr'><strong>micare,</strong></span> 
     </span>
     <span class='ocr_line' id='line_1_7' title="bbox 51 788 1046 875; baseline 0.004 -21"><span class='ocrx_word' id='word_1_46' title='bbox 51 790 124 872; x_wconf 90' lang='lat' dir='ltr'><strong>quod</strong></span> <span class='ocrx_word' id='word_1_47' title='bbox 144 790 233 856; x_wconf 89' lang='lat' dir='ltr'><strong>talos</strong></span> <span class='ocrx_word' id='word_1_48' title='bbox 255 789 373 874; x_wconf 87' lang='lat' dir='ltr'><strong>iacere,</strong></span> <span class='ocrx_word' id='word_1_49' title='bbox 400 788 487 873; x_wconf 88' lang='lat' dir='ltr'><strong>quod</strong></span> <span class='ocrx_word' id='word_1_50' title='bbox 509 793 662 874; x_wconf 88' lang='lat' dir='ltr'><strong>tesseras,</strong></span> <span class='ocrx_word' id='word_1_51' title='bbox 685 790 802 875; x_wconf 88' lang='lat' dir='ltr'><strong>quibus</strong></span> <span class='ocrx_word' id='word_1_52' title='bbox 824 791 859 856; x_wconf 92' lang='lat' dir='ltr'><strong>in</strong></span> <span class='ocrx_word' id='word_1_53' title='bbox 881 792 977 857; x_wconf 91' lang='lat' dir='ltr'><strong>rebus</strong></span> <span class='ocrx_word' id='word_1_54' title='bbox 1000 797 1046 858; x_wconf 89' lang='grc'><strong>11-</strong></span> 
     </span>
     <span class='ocr_line' id='line_1_8' title="bbox 50 877 1046 960; baseline 0.005 -20"><span class='ocrx_word' id='word_1_55' title='bbox 50 877 170 942; x_wconf 90' lang='lat' dir='ltr'><strong>meritas</strong></span> <span class='ocrx_word' id='word_1_56' title='bbox 194 881 228 942; x_wconf 91' lang='lat' dir='ltr'><strong>et</strong></span> <span class='ocrx_word' id='word_1_57' title='bbox 250 898 354 960; x_wconf 89' lang='lat' dir='ltr'><strong>casus,</strong></span> <span class='ocrx_word' id='word_1_58' title='bbox 375 898 443 941; x_wconf 93' lang='grc'>11011</span> <span class='ocrx_word' id='word_1_59' title='bbox 464 877 549 942; x_wconf 85' lang='grc'>11110</span> <span class='ocrx_word' id='word_1_60' title='bbox 568 899 627 942; x_wconf 88' lang='lat' dir='ltr'><strong>nec</strong></span> <span class='ocrx_word' id='word_1_61' title='bbox 645 878 817 943; x_wconf 90' lang='lat' dir='ltr'><strong>consilium</strong></span> <span class='ocrx_word' id='word_1_62' title='bbox 835 879 931 944; x_wconf 80' lang='lat' dir='ltr'><strong>valet.</strong></span> <span class='ocrx_word' id='word_1_63' title='bbox 962 878 1046 945; x_wconf 82' lang='lat' dir='ltr'><strong>Tota</strong></span> 
     </span>
     <span class='ocr_line' id='line_1_9' title="bbox 48 963 1045 1052; baseline 0.004 -24"><span class='ocrx_word' id='word_1_64' title='bbox 48 986 90 1029; x_wconf 88' lang='lat' dir='ltr'><strong>res</strong></span> <span class='ocrx_word' id='word_1_65' title='bbox 108 969 157 1030; x_wconf 89' lang='lat' dir='ltr'><strong>est</strong></span> <span class='ocrx_word' id='word_1_66' title='bbox 176 965 309 1030; x_wconf 85' lang='lat' dir='ltr'><strong>inventa</strong></span> <span class='ocrx_word' id='word_1_67' title='bbox 325 964 464 1030; x_wconf 87' lang='lat' dir='ltr'><strong>fallaciis</strong></span> <span class='ocrx_word' id='word_1_68' title='bbox 484 968 541 1031; x_wconf 87' lang='lat' dir='ltr'><strong>aut</strong></span> <span class='ocrx_word' id='word_1_69' title='bbox 560 963 601 1029; x_wconf 91' lang='lat' dir='ltr'><strong>ad</strong></span> <span class='ocrx_word' id='word_1_70' title='bbox 619 969 791 1048; x_wconf 89' lang='lat' dir='ltr'><strong>quaestum</strong></span> <span class='ocrx_word' id='word_1_71' title='bbox 810 969 867 1030; x_wconf 87' lang='lat' dir='ltr'><strong>aut</strong></span> <span class='ocrx_word' id='word_1_72' title='bbox 881 965 922 1030; x_wconf 91' lang='lat' dir='ltr'><strong>ad</strong></span> <span class='ocrx_word' id='word_1_73' title='bbox 936 988 1045 1052; x_wconf 91' lang='lat' dir='ltr'><strong>super·</strong></span> 
     </span>
     <span class='ocr_line' id='line_1_10' title="bbox 49 1051 1045 1140; baseline 0.004 -24"><span class='ocrx_word' id='word_1_74' title='bbox 49 1053 205 1118; x_wconf 90' lang='lat' dir='ltr'><strong>stitionem</strong></span> <span class='ocrx_word' id='word_1_75' title='bbox 235 1057 292 1118; x_wconf 89' lang='lat' dir='ltr'><strong>aut</strong></span> <span class='ocrx_word' id='word_1_76' title='bbox 319 1051 359 1116; x_wconf 88' lang='lat' dir='ltr'><strong>ad</strong></span> <span class='ocrx_word' id='word_1_77' title='bbox 386 1073 536 1118; x_wconf 91' lang='lat' dir='ltr'><strong>errorem.</strong></span> <span class='ocrx_word' id='word_1_78' title='bbox 576 1051 686 1137; x_wconf 90' lang='lat' dir='ltr'><strong>Atque</strong></span> <span class='ocrx_word' id='word_1_79' title='bbox 713 1056 751 1118; x_wconf 91' lang='lat' dir='ltr'><strong>ut</strong></span> <span class='ocrx_word' id='word_1_80' title='bbox 777 1053 812 1117; x_wconf 89' lang='lat' dir='ltr'><strong>in</strong></span> <span class='ocrx_word' id='word_1_81' title='bbox 838 1054 1045 1140; x_wconf 80' lang='lat' dir='ltr'><strong>haruspicina</strong></span> 
     </span>
     <span class='ocr_line' id='line_1_11' title="bbox 10 1139 1045 1226; baseline 0.005 -24"><span class='ocrx_word' id='word_1_82' title='bbox 10 1140 185 1226; x_wconf 72' lang='lat' dir='ltr'><strong>refecimus,</strong></span> <span class='ocrx_word' id='word_1_83' title='bbox 218 1141 264 1206; x_wconf 90' lang='lat' dir='ltr'><strong>sic</strong></span> <span class='ocrx_word' id='word_1_84' title='bbox 296 1140 475 1224; x_wconf 86' lang='lat' dir='ltr'><strong>videamus,</strong></span> <span class='ocrx_word' id='word_1_85' title='bbox 506 1139 771 1208; x_wconf 82' lang='lat' dir='ltr'><strong>clarissumarum</strong></span> <span class='ocrx_word' id='word_1_86' title='bbox 798 1141 935 1207; x_wconf 90' lang='lat' dir='ltr'><strong>sortium</strong></span> <span class='ocrx_word' id='word_1_87' title='bbox 963 1164 1045 1226; x_wconf 90' lang='lat' dir='ltr'><strong>quae</strong></span> 
     </span>
     <span class='ocr_line' id='line_1_12' title="bbox 47 1226 1045 1297; baseline 0.003 -5"><span class='ocrx_word' id='word_1_88' title='bbox 47 1229 186 1294; x_wconf 86' lang='lat' dir='ltr'><strong>tradatur</strong></span> <span class='ocrx_word' id='word_1_89' title='bbox 208 1228 363 1292; x_wconf 87' lang='lat' dir='ltr'><strong>inventio.</strong></span> <span class='ocrx_word' id='word_1_90' title='bbox 398 1226 590 1293; x_wconf 90' lang='lat' dir='ltr'><strong>Numerium</strong></span> <span class='ocrx_word' id='word_1_91' title='bbox 613 1226 803 1294; x_wconf 85' lang='lat' dir='ltr'><strong>Suffustium</strong></span> <span class='ocrx_word' id='word_1_92' title='bbox 821 1228 1045 1297; x_wconf 88' lang='lat' dir='ltr'><strong>Praenestino·</strong></span> 
     </span>
     <span class='ocr_line' id='line_1_13' title="bbox 47 1315 1046 1400; baseline 0.004 -20"><span class='ocrx_word' id='word_1_93' title='bbox 47 1339 110 1382; x_wconf 90' lang='lat' dir='ltr'><strong>rum</strong></span> <span class='ocrx_word' id='word_1_94' title='bbox 132 1320 343 1382; x_wconf 89' lang='lat' dir='ltr'><strong>monumenta</strong></span> <span class='ocrx_word' id='word_1_95' title='bbox 365 1315 540 1400; x_wconf 88' lang='lat' dir='ltr'><strong>declarant,</strong></span> <span class='ocrx_word' id='word_1_96' title='bbox 561 1316 734 1383; x_wconf 90' lang='lat' dir='ltr'><strong>honestum</strong></span> <span class='ocrx_word' id='word_1_97' title='bbox 756 1317 921 1383; x_wconf 89' lang='lat' dir='ltr'><strong>hominem</strong></span> <span class='ocrx_word' id='word_1_98' title='bbox 939 1323 1046 1385; x_wconf 90' lang='grc'>11110-</span> 
     </span>
     <span class='ocr_line' id='line_1_14' title="bbox 46 1403 1043 1488; baseline 0.004 -20"><span class='ocrx_word' id='word_1_99' title='bbox 46 1405 145 1488; x_wconf 89' lang='lat' dir='ltr'><strong>bilem,</strong></span> <span class='ocrx_word' id='word_1_100' title='bbox 169 1403 304 1469; x_wconf 87' lang='lat' dir='ltr'><strong>somuiis</strong></span> <span class='ocrx_word' id='word_1_101' title='bbox 325 1403 455 1488; x_wconf 87' lang='lat' dir='ltr'><strong>crebris,</strong></span> <span class='ocrx_word' id='word_1_102' title='bbox 478 1403 520 1468; x_wconf 92' lang='lat' dir='ltr'><strong>ad</strong></span> <span class='ocrx_word' id='word_1_103' title='bbox 542 1408 721 1471; x_wconf 84' lang='lat' dir='ltr'><strong>extremum</strong></span> <span class='ocrx_word' id='word_1_104' title='bbox 740 1406 840 1472; x_wconf 91' lang='lat' dir='ltr'><strong>etiam</strong></span> <span class='ocrx_word' id='word_1_105' title='bbox 863 1407 1043 1472; x_wconf 80' lang='lat' dir='ltr'><strong>minacibus</strong></span> 
     </span>
     <span class='ocr_line' id='line_1_15' title="bbox 47 1491 1044 1578; baseline 0.002 -21"><span class='ocrx_word' id='word_1_106' title='bbox 47 1514 111 1557; x_wconf 90' lang='lat' dir='ltr'><strong>cum</strong></span> <span class='ocrx_word' id='word_1_107' title='bbox 133 1493 299 1558; x_wconf 91' lang='lat' dir='ltr'><strong>iuberetur</strong></span> <span class='ocrx_word' id='word_1_108' title='bbox 321 1495 409 1556; x_wconf 88' lang='lat' dir='ltr'><strong>certo</strong></span> <span class='ocrx_word' id='word_1_109' title='bbox 431 1491 466 1556; x_wconf 90' lang='lat' dir='ltr'><strong>in</strong></span> <span class='ocrx_word' id='word_1_110' title='bbox 488 1492 560 1556; x_wconf 92' lang='grc'>1000</span> <span class='ocrx_word' id='word_1_111' title='bbox 584 1492 708 1558; x_wconf 84' lang='lat' dir='ltr'><strong>silicem</strong></span> <span class='ocrx_word' id='word_1_112' title='bbox 731 1494 872 1577; x_wconf 85' lang='lat' dir='ltr'><strong>caedere,</strong></span> <span class='ocrx_word' id='word_1_113' title='bbox 894 1496 1044 1578; x_wconf 87' lang='lat' dir='ltr'><strong>perterri-</strong></span> 
     </span>
     <span class='ocr_line' id='line_1_16' title="bbox 18 1577 1045 1667; baseline 0.004 -24"><span class='ocrx_word' id='word_1_114' title='bbox 18 1596 35 1635; x_wconf 74' lang='lat'><strong>1⁵</strong></span> <span class='ocrx_word' id='word_1_115' title='bbox 46 1585 109 1645; x_wconf 91' lang='lat' dir='ltr'><strong>tum</strong></span> <span class='ocrx_word' id='word_1_116' title='bbox 134 1580 214 1646; x_wconf 81' lang='lat' dir='ltr'><strong>visis</strong></span> <span class='ocrx_word' id='word_1_117' title='bbox 240 1577 451 1644; x_wconf 88' lang='lat' dir='ltr'><strong>irridentibus</strong></span> <span class='ocrx_word' id='word_1_118' title='bbox 475 1579 541 1644; x_wconf 88' lang='lat' dir='ltr'><strong>suis</strong></span> <span class='ocrx_word' id='word_1_119' title='bbox 564 1579 688 1644; x_wconf 85' lang='lat' dir='ltr'><strong>civibus</strong></span> <span class='ocrx_word' id='word_1_120' title='bbox 710 1580 745 1644; x_wconf 95' lang='lat' dir='ltr'><strong>id</strong></span> <span class='ocrx_word' id='word_1_121' title='bbox 768 1602 864 1667; x_wconf 83' lang='lat' dir='ltr'><strong>agere</strong></span> <span class='ocrx_word' id='word_1_122' title='bbox 886 1582 1045 1666; x_wconf 79' lang='lat' dir='ltr'><strong>coepisse3</strong></span> 
     </span>
     <span class='ocr_line' id='line_1_17' title="bbox 45 1667 1045 1754; baseline 0.004 -24"><span class='ocrx_word' id='word_1_123' title='bbox 45 1668 147 1753; x_wconf 86' lang='lat' dir='ltr'><strong>itaque</strong></span> <span class='ocrx_word' id='word_1_124' title='bbox 165 1667 329 1752; x_wconf 86' lang='lat' dir='ltr'><strong>perfracto</strong></span> <span class='ocrx_word' id='word_1_125' title='bbox 349 1688 426 1732; x_wconf 85' lang='lat' dir='ltr'><strong>saxo</strong></span> <span class='ocrx_word' id='word_1_126' title='bbox 446 1667 544 1732; x_wconf 90' lang='lat' dir='ltr'><strong>sortis</strong></span> <span class='ocrx_word' id='word_1_127' title='bbox 563 1667 707 1752; x_wconf 85' lang='lat' dir='ltr'><strong>erupisse</strong></span> <span class='ocrx_word' id='word_1_128' title='bbox 725 1667 760 1732; x_wconf 90' lang='lat' dir='ltr'><strong>in</strong></span> <span class='ocrx_word' id='word_1_129' title='bbox 773 1669 889 1732; x_wconf 91' lang='lat' dir='ltr'><strong>robore</strong></span> <span class='ocrx_word' id='word_1_130' title='bbox 904 1668 1045 1754; x_wconf 89' lang='lat' dir='ltr'><strong>insculp-</strong></span> 
     </span>
     <span class='ocr_line' id='line_1_18' title="bbox 45 1753 1043 1841; baseline 0.002 -23"><span class='ocrx_word' id='word_1_131' title='bbox 45 1761 90 1820; x_wconf 81' lang='lat' dir='ltr'><strong>tas</strong></span> <span class='ocrx_word' id='word_1_132' title='bbox 120 1757 301 1841; x_wconf 88' lang='lat' dir='ltr'><strong>priscarum</strong></span> <span class='ocrx_word' id='word_1_133' title='bbox 332 1755 517 1820; x_wconf 89' lang='lat' dir='ltr'><strong>litterarum</strong></span> <span class='ocrx_word' id='word_1_134' title='bbox 548 1755 643 1819; x_wconf 93' lang='lat' dir='ltr'><strong>notis.</strong></span> <span class='ocrx_word' id='word_1_135' title='bbox 691 1753 726 1820; x_wconf 90' lang='lat' dir='ltr'><strong>Is</strong></span> <span class='ocrx_word' id='word_1_136' title='bbox 755 1757 805 1820; x_wconf 89' lang='lat' dir='ltr'><strong>est</strong></span> <span class='ocrx_word' id='word_1_137' title='bbox 831 1754 927 1820; x_wconf 88' lang='lat' dir='ltr'><strong>hodie</strong></span> <span class='ocrx_word' id='word_1_138' title='bbox 954 1756 1043 1821; x_wconf 89' lang='lat' dir='ltr'><strong>locus</strong></span> 
     </span>
     <span class='ocr_line' id='line_1_19' title="bbox 46 1840 1044 1928; baseline 0.001 -21"><span class='ocrx_word' id='word_1_139' title='bbox 46 1848 170 1928; x_wconf 87' lang='lat' dir='ltr'><strong>saeptus</strong></span> <span class='ocrx_word' id='word_1_140' title='bbox 193 1843 346 1928; x_wconf 85' lang='lat' dir='ltr'><strong>religiose</strong></span> <span class='ocrx_word' id='word_1_141' title='bbox 369 1846 502 1928; x_wconf 88' lang='lat' dir='ltr'><strong>propter</strong></span> <span class='ocrx_word' id='word_1_142' title='bbox 519 1840 607 1908; x_wconf 85' lang='lat' dir='ltr'><strong>Iovis</strong></span> <span class='ocrx_word' id='word_1_143' title='bbox 630 1842 731 1926; x_wconf 91' lang='lat' dir='ltr'><strong>pueri,</strong></span> <span class='ocrx_word' id='word_1_144' title='bbox 755 1843 811 1927; x_wconf 92' lang='lat' dir='ltr'><strong>qui</strong></span> <span class='ocrx_word' id='word_1_145' title='bbox 828 1842 952 1908; x_wconf 87' lang='lat' dir='ltr'><strong>lactens</strong></span> <span class='ocrx_word' id='word_1_146' title='bbox 971 1865 1044 1908; x_wconf 90' lang='lat' dir='ltr'><strong>cum</strong></span> 
     </span>
     <span class='ocr_line' id='line_1_20' title="bbox 45 1929 1043 2017; baseline 0.002 -23"><span class='ocrx_word' id='word_1_147' title='bbox 45 1931 160 1997; x_wconf 86' lang='lat' dir='ltr'><strong>Iunone</strong></span> <span class='ocrx_word' id='word_1_148' title='bbox 178 1929 342 1996; x_wconf 74' lang='lat' dir='ltr'><strong>Fortunae</strong></span> <span class='ocrx_word' id='word_1_149' title='bbox 364 1931 399 1994; x_wconf 88' lang='lat' dir='ltr'><strong>in</strong></span> <span class='ocrx_word' id='word_1_150' title='bbox 417 1930 541 2016; x_wconf 84' lang='lat' dir='ltr'><strong>gremio</strong></span> <span class='ocrx_word' id='word_1_151' title='bbox 561 1930 674 1995; x_wconf 90' lang='lat' dir='ltr'><strong>sedens</strong></span> <span class='ocrx_word' id='word_1_152' title='bbox 694 1953 870 1997; x_wconf 89' lang='lat' dir='ltr'><strong>mammam</strong></span> <span class='ocrx_word' id='word_1_153' title='bbox 889 1930 1043 2017; x_wconf 74' lang='lat' dir='ltr'><strong>adpetens</strong></span> 
     </span>
     <span class='ocr_line' id='line_1_21' title="bbox 16 2017 1096 2104; baseline -0.006 -20"><span class='ocrx_word' id='word_1_154' title='bbox 16 2019 219 2084; x_wconf 77' lang='lat' dir='ltr'><strong>ucastissime</strong></span> <span class='ocrx_word' id='word_1_155' title='bbox 242 2017 360 2084; x_wconf 88' lang='lat' dir='ltr'><strong>colitur</strong></span> <span class='ocrx_word' id='word_1_156' title='bbox 382 2039 402 2080; x_wconf 89' lang='lat' dir='ltr'><strong>a</strong></span> <span class='ocrx_word' id='word_1_157' title='bbox 424 2018 592 2083; x_wconf 88' lang='lat' dir='ltr'><strong>matribus.</strong></span> <span class='ocrx_word' id='word_1_158' title='bbox 632 2017 819 2104; x_wconf 80' lang='lat' dir='ltr'><strong>Eodemque</strong></span> <span class='ocrx_word' id='word_1_159' title='bbox 841 2023 987 2104; x_wconf 90' lang='lat' dir='ltr'><strong>tempore</strong></span> <span class='ocrx_word' id='word_1_160' title='bbox 1009 2020 1043 2084; x_wconf 93' lang='lat' dir='ltr'><strong>in</strong></span> <span class='ocrx_word' id='word_1_161' title='bbox 1062 2030 1096 2079; x_wconf 79' lang='grc'><strong>86</strong></span> 
     </span>
     <span class='ocr_line' id='line_1_22' title="bbox 44 2105 1045 2191; baseline 0 -19"><span class='ocrx_word' id='word_1_162' title='bbox 44 2129 76 2172; x_wconf 86' lang='lat' dir='ltr'><strong>eo</strong></span> <span class='ocrx_word' id='word_1_163' title='bbox 104 2107 189 2191; x_wconf 86' lang='lat' dir='ltr'><strong>loce,</strong></span> <span class='ocrx_word' id='word_1_164' title='bbox 217 2106 274 2171; x_wconf 92' lang='lat' dir='ltr'><strong>ubi</strong></span> <span class='ocrx_word' id='word_1_165' title='bbox 299 2105 463 2172; x_wconf 87' lang='lat' dir='ltr'><strong>Fortunae</strong></span> <span class='ocrx_word' id='word_1_166' title='bbox 489 2127 573 2171; x_wconf 89' lang='lat' dir='ltr'><strong>nunc</strong></span> <span class='ocrx_word' id='word_1_167' title='bbox 601 2111 652 2171; x_wconf 90' lang='lat' dir='ltr'><strong>est</strong></span> <span class='ocrx_word' id='word_1_168' title='bbox 679 2107 787 2191; x_wconf 89' lang='lat' dir='ltr'><strong>aedes,</strong></span> <span class='ocrx_word' id='word_1_169' title='bbox 814 2107 879 2172; x_wconf 90' lang='grc'>11111</span> <span class='ocrx_word' id='word_1_170' title='bbox 907 2129 945 2172; x_wconf 86' lang='lat' dir='ltr'><strong>ex</strong></span> <span class='ocrx_word' id='word_1_171' title='bbox 973 2109 1045 2172; x_wconf 92' lang='lat' dir='ltr'><strong>olea</strong></span> 
     </span>
     <span class='ocr_line' id='line_1_23' title="bbox 43 2193 1044 2278; baseline 0.002 -20"><span class='ocrx_word' id='word_1_172' title='bbox 43 2195 167 2260; x_wconf 86' lang='lat' dir='ltr'><strong>fluxisse</strong></span> <span class='ocrx_word' id='word_1_173' title='bbox 186 2193 306 2276; x_wconf 92' lang='lat' dir='ltr'><strong>dicunt,</strong></span> <span class='ocrx_word' id='word_1_174' title='bbox 324 2193 575 2278; x_wconf 86' lang='lat' dir='ltr'><strong>haruspicesque</strong></span> <span class='ocrx_word' id='word_1_175' title='bbox 594 2193 713 2260; x_wconf 86' lang='lat' dir='ltr'><strong>dixisse</strong></span> <span class='ocrx_word' id='word_1_176' title='bbox 732 2217 858 2260; x_wconf 91' lang='lat' dir='ltr'><strong>summa</strong></span> <span class='ocrx_word' id='word_1_177' title='bbox 871 2195 1044 2260; x_wconf 89' lang='lat' dir='ltr'><strong>nobilitate</strong></span> 
     </span>
     <span class='ocr_line' id='line_1_24' title="bbox 43 2281 1043 2365; baseline 0.003 -20"><span class='ocrx_word' id='word_1_178' title='bbox 43 2283 112 2348; x_wconf 92' lang='lat' dir='ltr'><strong>illas</strong></span> <span class='ocrx_word' id='word_1_179' title='bbox 131 2281 230 2347; x_wconf 87' lang='lat' dir='ltr'><strong>sortis</strong></span> <span class='ocrx_word' id='word_1_180' title='bbox 248 2281 386 2364; x_wconf 86' lang='lat' dir='ltr'><strong>futuras,</strong></span> <span class='ocrx_word' id='word_1_181' title='bbox 410 2303 583 2365; x_wconf 90' lang='lat' dir='ltr'><strong>eorumque</strong></span> <span class='ocrx_word' id='word_1_182' title='bbox 601 2282 692 2348; x_wconf 91' lang='lat' dir='ltr'><strong>iussu</strong></span> <span class='ocrx_word' id='word_1_183' title='bbox 711 2305 749 2348; x_wconf 86' lang='lat' dir='ltr'><strong>ex</strong></span> <span class='ocrx_word' id='word_1_184' title='bbox 766 2283 826 2347; x_wconf 94' lang='grc'>1111</span> <span class='ocrx_word' id='word_1_185' title='bbox 843 2283 916 2348; x_wconf 88' lang='grc'>0111</span> <span class='ocrx_word' id='word_1_186' title='bbox 934 2305 1043 2348; x_wconf 88' lang='lat' dir='ltr'><strong>arcam</strong></span> 
     </span>
     <span class='ocr_line' id='line_1_25' title="bbox 44 2369 1044 2455; baseline 0 -21"><span class='ocrx_word' id='word_1_187' title='bbox 44 2393 109 2436; x_wconf 88' lang='lat' dir='ltr'><strong>esse</strong></span> <span class='ocrx_word' id='word_1_188' title='bbox 129 2371 261 2453; x_wconf 83' lang='lat' dir='ltr'><strong>factam,</strong></span> <span class='ocrx_word' id='word_1_189' title='bbox 284 2391 385 2454; x_wconf 91' lang='lat' dir='ltr'><strong>eoque</strong></span> <span class='ocrx_word' id='word_1_190' title='bbox 408 2369 554 2434; x_wconf 90' lang='lat' dir='ltr'><strong>conditas</strong></span> <span class='ocrx_word' id='word_1_191' title='bbox 578 2371 686 2455; x_wconf 90' lang='lat' dir='ltr'><strong>sortis,</strong></span> <span class='ocrx_word' id='word_1_192' title='bbox 709 2392 790 2454; x_wconf 90' lang='lat' dir='ltr'><strong>quae</strong></span> <span class='ocrx_word' id='word_1_193' title='bbox 812 2370 908 2435; x_wconf 90' lang='lat' dir='ltr'><strong>hodie</strong></span> <span class='ocrx_word' id='word_1_194' title='bbox 930 2369 1044 2435; x_wconf 86' lang='lat' dir='ltr'><strong>Fortu·</strong></span> 
     </span>
     <span class='ocr_line' id='line_1_26' title="bbox 16 2455 1043 2543; baseline 0 -21"><span class='ocrx_word' id='word_1_195' title='bbox 16 2471 100 2523; x_wconf 65' lang='grc'>151111</span> <span class='ocrx_word' id='word_1_196' title='bbox 123 2458 250 2524; x_wconf 89' lang='lat' dir='ltr'><strong>monitu</strong></span> <span class='ocrx_word' id='word_1_197' title='bbox 271 2458 441 2522; x_wconf 88' lang='lat' dir='ltr'><strong>tolluntur.</strong></span> <span class='ocrx_word' id='word_1_198' title='bbox 482 2455 565 2532; x_wconf 83' lang='lat' dir='ltr'><strong>Quid</strong></span> <span class='ocrx_word' id='word_1_199' title='bbox 586 2457 689 2543; x_wconf 84' lang='lat' dir='ltr'><strong>igitur</strong></span> <span class='ocrx_word' id='word_1_200' title='bbox 710 2457 745 2521; x_wconf 89' lang='lat' dir='ltr'><strong>in</strong></span> <span class='ocrx_word' id='word_1_201' title='bbox 766 2457 818 2522; x_wconf 90' lang='lat' dir='ltr'><strong>his</strong></span> <span class='ocrx_word' id='word_1_202' title='bbox 841 2460 951 2543; x_wconf 88' lang='lat' dir='ltr'><strong>potest</strong></span> <span class='ocrx_word' id='word_1_203' title='bbox 974 2479 1043 2522; x_wconf 88' lang='lat' dir='ltr'><strong>esse</strong></span> 
     </span>
     <span class='ocr_line' id='line_1_27' title="bbox 44 2543 1044 2632; baseline -0.001 -22"><span class='ocrx_word' id='word_1_204' title='bbox 44 2547 131 2631; x_wconf 90' lang='lat' dir='ltr'><strong>certi,</strong></span> <span class='ocrx_word' id='word_1_205' title='bbox 164 2567 246 2632; x_wconf 90' lang='lat' dir='ltr'><strong>quae</strong></span> <span class='ocrx_word' id='word_1_206' title='bbox 272 2543 436 2610; x_wconf 87' lang='lat' dir='ltr'><strong>Fortunae</strong></span> <span class='ocrx_word' id='word_1_207' title='bbox 468 2544 594 2609; x_wconf 90' lang='lat' dir='ltr'><strong>monitu</strong></span> <span class='ocrx_word' id='word_1_208' title='bbox 624 2545 717 2630; x_wconf 89' lang='lat' dir='ltr'><strong>pueri</strong></span> <span class='ocrx_word' id='word_1_209' title='bbox 743 2567 841 2610; x_wconf 91' lang='lat' dir='ltr'><strong>manu</strong></span> <span class='ocrx_word' id='word_1_210' title='bbox 868 2543 1044 2609; x_wconf 83' lang='lat' dir='ltr'><strong>miscentur</strong></span> 
     </span>
     <span class='ocr_line' id='line_1_28' title="bbox 44 2631 1043 2718; baseline -0.003 -20"><span class='ocrx_word' id='word_1_211' title='bbox 44 2638 136 2718; x_wconf 89' lang='lat' dir='ltr'><strong>atque</strong></span> <span class='ocrx_word' id='word_1_212' title='bbox 160 2634 341 2699; x_wconf 83' lang='lat' dir='ltr'><strong>ducuntur?</strong></span> <span class='ocrx_word' id='word_1_213' title='bbox 365 2655 427 2717; x_wconf 90' lang='lat' dir='ltr'><strong>quo</strong></span> <span class='ocrx_word' id='word_1_214' title='bbox 446 2633 542 2698; x_wconf 91' lang='lat' dir='ltr'><strong>modo</strong></span> <span class='ocrx_word' id='word_1_215' title='bbox 561 2636 670 2697; x_wconf 89' lang='lat' dir='ltr'><strong>autem</strong></span> <span class='ocrx_word' id='word_1_216' title='bbox 688 2632 771 2696; x_wconf 89' lang='lat' dir='ltr'><strong>istae</strong></span> <span class='ocrx_word' id='word_1_217' title='bbox 789 2631 915 2716; x_wconf 88' lang='lat' dir='ltr'><strong>positae</strong></span> <span class='ocrx_word' id='word_1_218' title='bbox 932 2631 967 2696; x_wconf 93' lang='lat' dir='ltr'><strong>in</strong></span> <span class='ocrx_word' id='word_1_219' title='bbox 984 2632 1043 2696; x_wconf 94' lang='lat' dir='ltr'><strong>illo</strong></span> 
     </span>
     <span class='ocr_line' id='line_1_29' title="bbox 44 2718 1043 2806; baseline 0.001 -22"><span class='ocrx_word' id='word_1_220' title='bbox 44 2722 132 2787; x_wconf 78' lang='lat' dir='ltr'><strong>loco?</strong></span> <span class='ocrx_word' id='word_1_221' title='bbox 170 2721 242 2806; x_wconf 89' lang='lat' dir='ltr'><strong>quis</strong></span> <span class='ocrx_word' id='word_1_222' title='bbox 278 2721 378 2786; x_wconf 89' lang='lat' dir='ltr'><strong>robur</strong></span> <span class='ocrx_word' id='word_1_223' title='bbox 409 2719 492 2785; x_wconf 92' lang='lat' dir='ltr'><strong>illud</strong></span> <span class='ocrx_word' id='word_1_224' title='bbox 523 2719 650 2803; x_wconf 90' lang='lat' dir='ltr'><strong>cecidit,</strong></span> <span class='ocrx_word' id='word_1_225' title='bbox 687 2719 823 2802; x_wconf 89' lang='lat' dir='ltr'><strong>dolavit,</strong></span> <span class='ocrx_word' id='word_1_226' title='bbox 856 2718 1043 2804; x_wconf 82' lang='lat' dir='ltr'><strong>inscripsit?</strong></span> 
     </span>
     <span class='ocr_line' id='line_1_30' title="bbox 43 2805 1044 2892; baseline -0.001 -19"><span class='ocrx_word' id='word_1_227' title='bbox 43 2807 129 2874; x_wconf 89' lang='lat' dir='ltr'><strong>Nihil</strong></span> <span class='ocrx_word' id='word_1_228' title='bbox 150 2813 210 2892; x_wconf 88' lang='lat' dir='ltr'><strong>est,</strong></span> <span class='ocrx_word' id='word_1_229' title='bbox 227 2809 386 2892; x_wconf 89' lang='lat' dir='ltr'><strong>inquiunt,</strong></span> <span class='ocrx_word' id='word_1_230' title='bbox 405 2807 490 2892; x_wconf 93' lang='lat' dir='ltr'><strong>quod</strong></span> <span class='ocrx_word' id='word_1_231' title='bbox 510 2808 586 2873; x_wconf 90' lang='lat' dir='ltr'><strong>deus</strong></span> <span class='ocrx_word' id='word_1_232' title='bbox 606 2807 731 2872; x_wconf 87' lang='lat' dir='ltr'><strong>efficere</strong></span> <span class='ocrx_word' id='word_1_233' title='bbox 749 2829 816 2873; x_wconf 89' lang='lat' dir='ltr'><strong>non</strong></span> <span class='ocrx_word' id='word_1_234' title='bbox 828 2806 941 2892; x_wconf 89' lang='lat' dir='ltr'><strong>possit.</strong></span> <span class='ocrx_word' id='word_1_235' title='bbox 974 2805 1044 2872; x_wconf 89' lang='lat' dir='ltr'><strong>Uti·</strong></span> 
     </span>
     <span class='ocr_line' id='line_1_31' title="bbox 15 2893 1043 2982; baseline -0.003 -20"><span class='ocrx_word' id='word_1_236' title='bbox 15 2907 114 2962; x_wconf 74' lang='lat' dir='ltr'><strong>³⁰nam</strong></span> <span class='ocrx_word' id='word_1_237' title='bbox 138 2896 294 2982; x_wconf 88' lang='lat' dir='ltr'><strong>sapientis</strong></span> <span class='ocrx_word' id='word_1_238' title='bbox 313 2893 438 2960; x_wconf 84' lang='lat' dir='ltr'><strong>Stoicos</strong></span> <span class='ocrx_word' id='word_1_239' title='bbox 462 2895 629 2978; x_wconf 89' lang='lat' dir='ltr'><strong>effecisset,</strong></span> <span class='ocrx_word' id='word_1_240' title='bbox 651 2917 691 2959; x_wconf 92' lang='lat' dir='ltr'><strong>ne</strong></span> <span class='ocrx_word' id='word_1_241' title='bbox 715 2895 824 2960; x_wconf 89' lang='lat' dir='ltr'><strong>omnia</strong></span> <span class='ocrx_word' id='word_1_242' title='bbox 843 2917 916 2960; x_wconf 90' lang='lat' dir='ltr'><strong>cum</strong></span> <span class='ocrx_word' id='word_1_243' title='bbox 935 2915 1043 2981; x_wconf 87' lang='lat' dir='ltr'><strong>super-</strong></span> 
     </span>
     <span class='ocr_line' id='line_1_32' title="bbox 44 2979 1043 3052; baseline 0.001 -4"><span class='ocrx_word' id='word_1_244' title='bbox 44 2986 169 3051; x_wconf 74' lang='lat' dir='ltr'><strong>stitiosa</strong></span> <span class='ocrx_word' id='word_1_245' title='bbox 201 2982 417 3050; x_wconf 90' lang='lat' dir='ltr'><strong>sollicitudine</strong></span> <span class='ocrx_word' id='word_1_246' title='bbox 450 2987 482 3047; x_wconf 90' lang='lat' dir='ltr'><strong>et</strong></span> <span class='ocrx_word' id='word_1_247' title='bbox 514 2982 643 3049; x_wconf 89' lang='lat' dir='ltr'><strong>miseria</strong></span> <span class='ocrx_word' id='word_1_248' title='bbox 674 2982 854 3048; x_wconf 87' lang='lat' dir='ltr'><strong>crederent!</strong></span> <span class='ocrx_word' id='word_1_249' title='bbox 891 2979 954 3052; x_wconf 85' lang='lat' dir='ltr'><strong>Sed</strong></span> <span class='ocrx_word' id='word_1_250' title='bbox 981 2982 1043 3049; x_wconf 91' lang='lat' dir='ltr'><strong>hoc</strong></span> 
     </span>
     <span class='ocr_line' id='line_1_33' title="bbox 44 3070 1043 3160; baseline -0.004 -22"><span class='ocrx_word' id='word_1_251' title='bbox 44 3073 168 3157; x_wconf 89' lang='lat' dir='ltr'><strong>quidem</strong></span> <span class='ocrx_word' id='word_1_252' title='bbox 187 3070 287 3160; x_wconf 80' lang='lat' dir='ltr'><strong>genus</strong></span> <span class='ocrx_word' id='word_1_253' title='bbox 307 3071 514 3137; x_wconf 82' lang='lat' dir='ltr'><strong>divinationis</strong></span> <span class='ocrx_word' id='word_1_254' title='bbox 532 3071 602 3136; x_wconf 85' lang='lat' dir='ltr'><strong>vita</strong></span> <span class='ocrx_word' id='word_1_255' title='bbox 615 3071 680 3136; x_wconf 91' lang='lat' dir='ltr'><strong>iam</strong></span> <span class='ocrx_word' id='word_1_256' title='bbox 697 3071 876 3136; x_wconf 87' lang='lat' dir='ltr'><strong>communis</strong></span> <span class='ocrx_word' id='word_1_257' title='bbox 891 3071 1043 3156; x_wconf 83' lang='lat' dir='ltr'><strong>explosit3</strong></span> 
     </span>
     <span class='ocr_line' id='line_1_34' title="bbox 43 3157 1044 3248; baseline -0.003 -23"><span class='ocrx_word' id='word_1_258' title='bbox 43 3161 105 3228; x_wconf 85' lang='lat' dir='ltr'><strong>fani</strong></span> <span class='ocrx_word' id='word_1_259' title='bbox 118 3160 326 3248; x_wconf 90' lang='lat' dir='ltr'><strong>pulchritudo</strong></span> <span class='ocrx_word' id='word_1_260' title='bbox 341 3161 374 3224; x_wconf 91' lang='lat' dir='ltr'><strong>et</strong></span> <span class='ocrx_word' id='word_1_261' title='bbox 387 3162 534 3225; x_wconf 85' lang='lat' dir='ltr'><strong>vetustas</strong></span> <span class='ocrx_word' id='word_1_262' title='bbox 548 3157 832 3225; x_wconf 87' lang='lat' dir='ltr'><strong>Praenestinarum</strong></span> <span class='ocrx_word' id='word_1_263' title='bbox 847 3159 945 3224; x_wconf 89' lang='lat' dir='ltr'><strong>etiam</strong></span> <span class='ocrx_word' id='word_1_264' title='bbox 959 3180 1044 3222; x_wconf 89' lang='lat' dir='ltr'><strong>nunc</strong></span> 
     </span>
     <span class='ocr_line' id='line_1_35' title="bbox 44 3245 1095 3332; baseline -0.008 -20"><span class='ocrx_word' id='word_1_265' title='bbox 44 3252 158 3316; x_wconf 90' lang='lat' dir='ltr'><strong>retinet</strong></span> <span class='ocrx_word' id='word_1_266' title='bbox 181 3248 318 3314; x_wconf 88' lang='lat' dir='ltr'><strong>sortium</strong></span> <span class='ocrx_word' id='word_1_267' title='bbox 335 3268 462 3331; x_wconf 89' lang='lat' dir='ltr'><strong>nomen,</strong></span> <span class='ocrx_word' id='word_1_268' title='bbox 485 3250 582 3330; x_wconf 90' lang='lat' dir='ltr'><strong>atque</strong></span> <span class='ocrx_word' id='word_1_269' title='bbox 600 3246 633 3312; x_wconf 91' lang='lat' dir='ltr'><strong>id</strong></span> <span class='ocrx_word' id='word_1_270' title='bbox 651 3246 687 3311; x_wconf 92' lang='lat' dir='ltr'><strong>in</strong></span> <span class='ocrx_word' id='word_1_271' title='bbox 703 3248 829 3332; x_wconf 84' lang='lat' dir='ltr'><strong>volgus.</strong></span> <span class='ocrx_word' id='word_1_272' title='bbox 861 3245 938 3320; x_wconf 83' lang='lat' dir='ltr'><strong>Quis</strong></span> <span class='ocrx_word' id='word_1_273' title='bbox 958 3245 1043 3308; x_wconf 91' lang='lat' dir='ltr'><strong>enim</strong></span> <span class='ocrx_word' id='word_1_274' title='bbox 1062 3255 1095 3304; x_wconf 80' lang='grc'><strong>87</strong></span> 
     </span>
     <span class='ocr_line' id='line_1_36' title="bbox 16 3331 1043 3425; baseline -0.007 -22"><span class='ocrx_word' id='word_1_275' title='bbox 16 3339 252 3425; x_wconf 70' lang='lat' dir='ltr'><strong>³⁵magistratus</strong></span> <span class='ocrx_word' id='word_1_276' title='bbox 285 3338 342 3400; x_wconf 87' lang='lat' dir='ltr'><strong>aut</strong></span> <span class='ocrx_word' id='word_1_277' title='bbox 373 3335 444 3418; x_wconf 90' lang='lat' dir='ltr'><strong>quis</strong></span> <span class='ocrx_word' id='word_1_278' title='bbox 476 3333 527 3399; x_wconf 82' lang='lat' dir='ltr'><strong>vir</strong></span> <span class='ocrx_word' id='word_1_279' title='bbox 552 3333 721 3399; x_wconf 89' lang='lat' dir='ltr'><strong>inlustrior</strong></span> <span class='ocrx_word' id='word_1_280' title='bbox 748 3335 851 3399; x_wconf 87' lang='lat' dir='ltr'><strong>utitur</strong></span> <span class='ocrx_word' id='word_1_281' title='bbox 879 3331 1043 3397; x_wconf 83' lang='lat' dir='ltr'><strong>sortibus?</strong></span> 
     </span>
     <span class='ocr_line' id='line_1_37' title="bbox 45 3417 1044 3506; baseline -0.008 -16"><span class='ocrx_word' id='word_1_282' title='bbox 45 3425 154 3491; x_wconf 90' lang='lat' dir='ltr'><strong>ceteris</strong></span> <span class='ocrx_word' id='word_1_283' title='bbox 182 3446 260 3489; x_wconf 87' lang='lat' dir='ltr'><strong>vero</strong></span> <span class='ocrx_word' id='word_1_284' title='bbox 286 3423 322 3487; x_wconf 90' lang='lat' dir='ltr'><strong>in</strong></span> <span class='ocrx_word' id='word_1_285' title='bbox 347 3423 427 3487; x_wconf 89' lang='lat' dir='ltr'><strong>locis</strong></span> <span class='ocrx_word' id='word_1_286' title='bbox 456 3425 558 3487; x_wconf 90' lang='lat' dir='ltr'><strong>sortes</strong></span> <span class='ocrx_word' id='word_1_287' title='bbox 585 3423 682 3506; x_wconf 90' lang='lat' dir='ltr'><strong>plane</strong></span> <span class='ocrx_word' id='word_1_288' title='bbox 704 3421 906 3486; x_wconf 82' lang='lat' dir='ltr'><strong>refrixerunt.</strong></span> <span class='ocrx_word' id='word_1_289' title='bbox 952 3417 1044 3494; x_wconf 83' lang='lat' dir='ltr'><strong>Quod</strong></span> 
     </span>
     <span class='ocr_line' id='line_1_38' title="bbox 45 3508 1044 3593; baseline -0.006 -17"><span class='ocrx_word' id='word_1_290' title='bbox 45 3509 239 3579; x_wconf 83' lang='lat' dir='ltr'><strong>Carneadem</strong></span> <span class='ocrx_word' id='word_1_291' title='bbox 265 3509 487 3576; x_wconf 81' lang='lat' dir='ltr'><strong>Clitomachus</strong></span> <span class='ocrx_word' id='word_1_292' title='bbox 519 3509 632 3575; x_wconf 87' lang='lat' dir='ltr'><strong>scribit</strong></span> <span class='ocrx_word' id='word_1_293' title='bbox 662 3509 766 3574; x_wconf 86' lang='lat' dir='ltr'><strong>dicere</strong></span> <span class='ocrx_word' id='word_1_294' title='bbox 793 3508 939 3593; x_wconf 88' lang='lat' dir='ltr'><strong>solitum,</strong></span> <span class='ocrx_word' id='word_1_295' title='bbox 970 3528 1044 3571; x_wconf 89' lang='lat' dir='ltr'><strong>nus·</strong></span> 
     </span>
    </p>
   </div>
   <div class='ocr_carea' id='block_1_3' title="bbox 778 3609 831 3665">
    <p class='ocr_par' dir='ltr' id='par_1_3' title="bbox 778 3609 831 3665">
     <span class='ocr_line' id='line_1_39' title="bbox 778 3609 831 3665; baseline -0.019 0"><span class='ocrx_word' id='word_1_296' title='bbox 778 3609 831 3665; x_wconf 78' lang='lat'><strong>15*</strong></span> 
     </span>
    </p>
   </div>
   <div class='ocr_carea' id='block_1_4' title="bbox 0 0 1230 3938">
    <p class='ocr_par' dir='ltr' id='par_1_4' title="bbox 0 0 1230 3938">
     <span class='ocr_line' id='line_1_40' title="bbox 0 0 1230 3938; baseline 0 1"><span class='ocrx_word' id='word_1_297' title='bbox 0 0 1230 3938; x_wconf 95' lang='lat' dir='ltr'><strong> </strong></span> 
     </span>
    </p>
   </div>
  </div>
 </body>
</html>
