2458 3934
304 184 370 239 nus.
389 185 410 240 1.
438 183 514 239 cap.
533 191 611 241 s-a.
634 190 763 251 §9-14·
973 185 1036 252 149

48 327 118 411 dan,
140 348 223 413 qnae
245 332 317 392 tnm
339 327 519 393 observatis
543 328 642 414 longo
664 332 812 414 tempore
829 328 1036 415 significatio

45 416 140 500 nibus,
170 420 242 482 tum
271 415 381 500 aliquo
408 415 566 482 instinctu
591 416 769 501 inflatuque
795 416 903 482 divino
925 417 1036 483 futura

45 504 249 588 praenuntiat.
285 501 391 579 Quare
414 504 547 570 omittat
568 525 707 590 urguere
729 503 923 590 Carneades,
950 507 1074 590 quodi

45 591 171 658 faciebat
199 591 300 658 etiam
321 590 496 656 Panaetius
523 592 703 676 requirens,
725 591 912 678 Iuppiterne
935 595 1036 660 corni-

29 697 100 745 ⁵cem
122 703 142 745 a
164 681 269 763 laeva,
291 699 424 745 corvum
446 679 487 744 ab
506 679 638 745 dextera
655 701 769 746 canere
785 681 943 747 iussisset.
974 681 1037 748 Ob-

45 772 162 834 errata
175 770 254 832 snut
266 766 346 832 haec
360 770 505 851 ternpore
518 767 664 834 inmenso
679 773 712 833 et
727 769 773 850 [in
787 769 1036 855 significatione]

44 857 154 921 eventis
177 853 406 920 animadversa
423 859 457 919 et
474 859 597 921 notata.
633 855 726 921 Nihil
745 861 796 921 est
814 862 931 942 antem,
952 857 1038 942 quod

44 965 96 1010 non
121 942 348 1029 longinquitas
374 946 558 1029 temporum
585 944 764 1029 sucipiente
786 945 944 1011 memoria
965 967 1038 1030 pro·

44 1031 207 1116 dandisque
237 1031 455 1101 monumentis
484 1031 611 1098 efficere
638 1036 735 1116 atque
763 1031 896 1116 adsequi
924 1033 1038 1118 possit.

19 1117 144 1185 nllirari
168 1119 259 1204 licet,
287 1141 369 1204 qnae
392 1119 458 1185 sint
481 1120 705 1186 animadversa
727 1141 747 1186 a
769 1119 902 1188 medicis
924 1121 1037 1188 herba·
1057 1135 1090 1183 ra

44 1230 104 1274 rum
126 1229 262 1294 genera,
292 1228 374 1292 qnae
397 1206 542 1292 radicum
561 1208 606 1273 ad
628 1229 755 1273 morsus
777 1209 969 1295 bestiarum,
996 1210 1038 1277 ad

44 1297 200 1362 oculorum
223 1295 365 1380 morbos,
387 1293 429 1360 ad
449 1296 594 1380 vulnera,
616 1317 753 1380 quorum
775 1296 843 1362 vim
865 1301 963 1383 atque
983 1319 1041 1363 nat

44 1387 140 1450 turam
168 1384 254 1449 ratio
277 1404 453 1468 numquam
477 1383 663 1470 explicavit,
690 1385 834 1450 utilitate
856 1389 890 1450 et
911 1407 965 1452 ars
988 1391 1039 1454 est

46 1475 71 1535 et
98 1472 249 1538 inventor
275 1471 441 1556 probatus.
490 1476 563 1560 Age
590 1493 641 1556 ea,
669 1493 751 1556 quae
778 1494 972 1558 quamquam
1000 1495 1039 1540 ex

20 1575 37 1614 1⁵
46 1560 101 1625 alio
132 1580 251 1646 genere
282 1562 371 1644 sunt,
402 1563 512 1625 tamen
544 1559 736 1625 divinationi
769 1565 844 1625 sunt
873 1560 1040 1646 similiora,

47 1647 216 1714 uideamus:

8 1781 10 1816 ÷
103 1771 232 1856 Atque
255 1770 372 1837 etiam
389 1774 527 1836 ventos
545 1774 836 1856 praemonstrat
853 1791 966 1855 saepe
984 1769 1040 1836 fu·

7 1933 8 1966 ³
103 1944 292 2012 Inflatum
320 1967 436 2031 mare,
465 1968 546 2012 cum
574 1946 705 2011 subito
728 1861 960 2048 penitdiiqiric
982 1951 1041 2012 tu·

105 2120 278 2205 Saxaque
300 2142 395 2187 cana
419 2123 514 2187 salis
537 2121 649 2187 niveo
672 2039 1022 2209 spumaqraeqqqqore

21 2224 40 2264 n
105 2209 330 2276 Tristificas
357 2213 511 2276 certant
533 2207 713 2294 Neptuno
735 2210 893 2277 reddere
916 2234 1042 2298 uoces,

105 2298 182 2362 Ant
223 2297 361 2362 densus
399 2295 546 2363 stridor
581 2319 663 2364 cnm
699 2298 805 2364 celso
842 2320 859 2364 e
894 2300 1040 2400 vertice

106 2471 221 2540 Ortus
236 2473 461 2560 adaugescit
474 2474 719 2558 scopulorum
731 2391 1042 2558 saepiiiildlsus.

52 2594 148 2682 Atque
170 2596 223 2662 his
245 2618 354 2662 rerum
376 2596 657 2682 praesensionibus
680 2595 896 2682 Prognostica
917 2599 975 2660 tua
996 2617 1043 2660 re·
1062 2597 1082 2662 8

52 2681 124 2750 ferta
151 2689 235 2752 sunt.
260 2682 360 2786 'Quis
381 2685 486 2792 igitur
505 2685 620 2750 elicere
643 2705 756 2786 causam
778 2683 1043 2769 praesensionum

23 2774 278 2942 ”llttttz
300 2770 597 2946 {illirissssffilssulc
611 2770 1044 2928 {tttmnttlfttn

52 2949 231 3034 explicaret,
263 2969 345 3033 quae
374 2947 410 3012 in
438 2949 521 3014 mari
550 2948 680 3014 caelove
707 2948 831 3014 fierent
876 2947 941 3016 Illa
967 2972 1043 3016 vero
1063 2961 1098 3011 14

51 3054 98 3102 cur
119 3037 279 3120 eveniant,
302 3036 374 3120 quis
396 3035 612 3120 probabiliter
634 3035 772 3102 dberit?

107 3138 210 3207 Cana
231 3137 333 3204 fulix
352 3139 490 3204 itidem
511 3140 666 3226 fugiens
690 3163 707 3206 e
730 3143 887 3229 gurgite
909 3142 1019 3228 ponti

24 3237 43 3278 ⁸⁰
106 3227 274 3294 Nuntiat
313 3226 519 3293 horribilis
560 3228 731 3296 clamans
770 3231 1046 3382 insgqlrleaspre·

107 3369 218 3470 Hand
251 3401 421 3467 modicos
450 3403 616 3469 tremulo
646 3403 810 3470 fundens
838 3425 856 3466 e
886 3406 1045 3552 gutture

812 3511 882 3554 can
906 3511 957 3554 us.
