2452 3938
165 183 231 260 250
513 181 822 249 oecumenem

160 333 265 414 *atque
286 328 453 399 hominum
475 325 724 402 inbecillitatem
746 325 925 411 occupavit.
969 325 1059 402 Quod
1081 332 1116 394 et
1138 329 1172 394 in

166 419 206 484 iis
234 417 328 484 libris
350 417 472 490 dictum
495 418 558 498 est,
586 415 642 499 qui
665 417 742 490 sunt
763 414 803 490 do
825 419 945 484 notura
967 415 1113 500 dearum,
1141 421 1173 481 et
1217 435 1218 438 ¹

160 507 229 578 ‚hac
251 504 471 590 disputatione
489 503 523 568 id
541 522 690 578 maxume
709 502 843 587 egimus.
875 503 1018 578 Multum
1035 504 1124 578 enirn
1142 509 1174 570 et

166 593 331 667 nobismet
351 592 433 678 ipsis
456 594 490 657 et
509 591 633 666 nostris
651 589 815 676 profutui
832 590 1031 676 videbamur,
1053 593 1083 658 si
1102 615 1174 660 sem
1218 669 1219 676 χ

166 682 312 751 funditus
336 679 589 756 sustulissemus!
628 678 697 755 Nes
718 700 796 752 vero
820 677 868 764 (id
889 679 977 752 enim
1000 680 1174 767 diligenter
1197 700 1219 740 s

167 769 316 855 intellegi
343 765 434 854 volo)
462 767 692 852 superstitione
719 766 866 832 tollenda
892 768 1009 854 religio
1036 770 1175 843 tollitur.

167 857 254 929 Nem
276 861 310 927 et
332 856 492 930 maiorum
513 855 667 930 instituta
684 855 769 922 tucri
788 854 888 930 saeris
907 856 1176 943 caerimoniisque

167 945 344 1022 retinendis
367 944 523 1030 sepientis
546 947 610 1029 est,
636 947 671 1011 et
693 963 764 1018 esse
786 947 1008 1028 praestantem
1032 946 1176 1030 aliquam

168 1039 395 1118 aeternamque
418 1036 582 1116 naturam,
605 1035 639 1100 et
661 1053 732 1106 sam
755 1031 993 1116 suspiciendam
1016 1034 1176 1108 ‚admiran-

168 1125 306 1210 damque
318 1121 487 1190 hominum
501 1121 613 1207 generi
624 1119 832 1204 pulchritudo
845 1120 957 1194 mundi
971 1121 1119 1206 undeque
1133 1145 1176 1191 re
1188 1140 1207 1179 ιο

117 1226 249 1283 marum
262 1210 450 1281 caelestium
464 1208 553 1294 cogit
566 1208 722 1283 confiteri.
745 1206 849 1284 quam
863 1209 906 1282 ob
920 1231 998 1295 rem,
1011 1211 1175 1298 etreligio
1220 1229 1221 1234 ’

157 1298 379 1385 ,propaganda
401 1297 501 1370 stiam
519 1301 578 1379 est,
600 1318 683 1381 quae
701 1299 752 1370 est
768 1297 880 1372 iuncte
897 1319 971 1369 oum
990 1299 1177 1384 cognitione

159 1385 382 1477 ‹naturast-sic
396 1384 638 1470 superstitionis
657 1385 775 1470 stirpes
794 1403 905 1460 omnes
925 1386 1106 1473 eligendae.
1129 1386 1176 1450 In-

164 1479 236 1548 stat
245 1475 340 1545 'enim
356 1477 390 1543 et
403 1477 499 1560 urget
513 1477 555 1557 et,
573 1492 637 1557 quo
651 1477 685 1542 te
699 1493 836 1557 cumque
848 1474 995 1558 vertetu,
1013 1475 1177 1562 persequi·
1221 1479 1222 1502 ¹

113 1613 117 1620 -
147 1563 231 1648 tur,
244 1563 368 1634 sivetu
381 1566 491 1632 vatem
505 1561 573 1634 sive
586 1566 735 1635 tuamen
748 1561 897 1646 audieris,
910 1562 980 1629 siue
993 1563 1207 1636 immolarier

168 1653 236 1732 siue
248 1653 341 1731 spem
352 1650 524 1736 aspexeris,
539 1649 567 1716 si
576 1648 785 1734 Chaldaeum,
794 1650 823 1724 si
831 1651 1038 1735 haruspicem
1047 1651 1177 1735 videris,
1222 1666 1223 1722 l

168 1741 198 1810 si
219 1740 357 1824 fulserit,
380 1739 409 1804 si
430 1737 584 1822 tonuerit,
602 1739 634 1826 si
654 1741 779 1810 rmum
797 1737 919 1822 aliquid
937 1738 1001 1804 erit
1019 1739 1059 1807 de
1077 1741 1177 1822 caelo,

169 1829 197 1895 si
219 1828 347 1898 *ostenti
374 1827 481 1899 simile
506 1830 620 1898 notus
642 1825 806 1895 laetumve
829 1826 1012 1912 quippiam
1039 1849 1177 1912 quorum

167 1938 299 1986 necessa
326 1920 377 1984 est
402 1916 592 2000 plerumque
620 1913 744 1998 aliquid
770 1914 911 1997 eveniet,
938 1918 976 1980 ut
997 1937 1177 2002 numquam

117 2018 168 2068 150
181 2005 278 2074 licsst
309 2004 421 2088 quiete
452 2006 560 2070 mente
592 2003 776 2076 consistere.
824 2001 1016 2089 Perfugium
1048 2005 1224 2071 videturm

168 2093 312 2161 omnium
339 2092 488 2158 laborum
516 2094 549 2158 et
572 2090 826 2164 sollicitudinum
848 2113 919 2158 esse
941 2113 1086 2161 somnus.
1134 2093 1177 2158 At

168 2203 207 2248 ex
234 2202 272 2248 eo
299 2180 371 2264 ipso
398 2180 569 2264 plurumae
591 2201 686 2246 curae
709 2182 879 2263 metusque
900 2185 1095 2265 nascuntur3
1125 2181 1178 2266 qui

168 2268 298 2353 quidem
323 2267 388 2353 ipsi
414 2289 472 2353 per
495 2289 530 2334 se
552 2267 658 2337 minus
680 2268 828 2338 valerent
850 2271 884 2338 et
905 2269 1013 2354 megis
1035 2274 1177 2336 oontem-

167 2360 328 2440 nsrentur,
350 2356 415 2420 nisi
437 2354 637 2421 somniorum
658 2355 875 2440 patrocinium
897 2356 1089 2442 philosophi
1112 2379 1177 2422 sus·

168 2446 343 2530 cepissent,
368 2465 428 2512 neo
456 2443 481 2508 ii
508 2443 636 2527 quidem
663 2444 949 2530 contemptissimi,
976 2446 1092 2513 sedin
1115 2446 1208 2532 pri-2⁵

168 2534 230 2601 mis
262 2533 349 2601 acuti
380 2537 414 2598 et
445 2531 675 2615 consequentia
706 2535 740 2596 ct
769 2532 988 2619 repugnantia
1020 2533 1177 2616 videntes,

168 2623 224 2706 qui
246 2643 348 2708 prope
369 2621 436 2690 iam
459 2620 602 2688 absoluti
624 2624 657 2686 et
679 2619 815 2705 perlecti
832 2624 1000 2706 putantur.
1032 2619 1177 2697 Quorum

168 2711 318 2778 licentiae
340 2709 405 2776 nisi
427 2706 608 2776 Carneades
631 2709 820 2792 restitisset,
846 2708 935 2778 haud
956 2709 1024 2776 scic
1048 2732 1092 2777 an
1115 2710 1177 2776 soli

155 2799 234 2866 ‹iam
260 2797 428 2882 philosphi
454 2795 681 2866 indicerentur.
722 2794 805 2866 Oum
832 2797 949 2882 quibus
976 2798 1083 2864 omnis
1109 2799 1176 2863 fere

167 2885 262 2952 nobis
286 2884 479 2967 disceptatio
502 2885 731 2970 contentioque
753 2889 813 2968 est,
834 2906 901 2951 non
923 2885 1011 2970 quod
1033 2907 1089 2952 eos
1111 2901 1209 2952 msa

167 2993 263 3040 nume
281 2975 535 3057 contemnemus,
557 2973 614 3040 sed
631 2973 719 3057 quod
735 2973 885 3038 ridentur
902 2973 1090 3041 acutissime
1108 2995 1177 3040 sen·

168 3059 287 3127 tentiae
311 3080 386 3125 suas
409 3060 721 3145 prudentissimeque
743 3061 920 3132 defendere.
961 3060 1044 3128 Oum
1068 3066 1176 3134 autem

167 3147 336 3232 proprium
359 3145 403 3213 sit
420 3145 618 3214 Academiae
649 3149 802 3216 iudicium
821 3170 915 3215 suum
932 3149 1060 3222 nullum
1079 3151 1176 3216 inter-

167 3256 314 3388 tlte
333 3234 687 3407 {aestuat
701 3237 871 3410 {illiti
893 3238 1210 3400 ttttlttt„

515 3373 526 3406 7

168 3410 282 3494 possit,
304 3431 500 3495 expromere,
522 3411 613 3476 nulle
636 3413 788 3482 adhibita.
805 3435 865 3480 sua
883 3413 1078 3480 auctoritate
1096 3413 1175 3478 iudi-

168 3497 254 3566 cium
276 3497 476 3568 audientium
498 3498 680 3584 relinquere
702 3503 867 3588 integrum
889 3524 928 3570 ac
950 3503 1104 3589 liberum,
1128 3506 1175 3568 te
