2452 3938
389 160 465 218 eae.
485 166 581 218 s-ro.
605 168 621 228 a
641 167 753 219 15-21.
1011 163 1075 228 259

69 326 168 389 quam
190 305 249 370 illo
273 305 369 371 modo
393 305 490 390 mori,
507 326 570 371 nec
592 305 699 391 magis
721 306 914 372 inmutabile
937 329 976 373 ex
997 304 1087 373 vero

67 394 101 457 in
143 391 264 459 falsum
301 392 459 458 ‘Necatus
497 397 547 458 est
583 391 707 478 Scipio'
744 411 842 480 quam
884 393 1079 461 ‘Necabitur

68 478 203 566 Scipio'3
224 501 292 566 nec,
314 503 388 547 cum
411 481 491 548 haec
512 481 561 547 ita
583 481 658 564 sint,
681 485 731 548 est
753 504 859 567 causa,
883 505 940 550 cur
959 482 1077 568 Epicu-

66 589 121 634 rus
149 568 256 635 fatum
284 569 474 634 extimescat
501 573 535 634 et
557 570 598 635 ab
622 570 740 636 atomis
763 575 856 657 petat
878 572 1075 657 praesidium

44 678 187 742 reasque
217 657 256 723 de
285 658 340 724 via
366 657 504 724 deducat
529 660 562 722 et
588 678 652 723 uno
676 663 822 744 tempore
846 660 1001 746 suscipiat
1023 681 1075 724 res

67 745 147 811 duas
175 745 411 830 inenodabiles,
438 767 550 829 unam,
579 749 616 810 ut
643 746 712 812 sine
740 768 837 813 causa
863 748 923 813 fiat
945 747 1076 832 aliquid,

67 854 104 898 ex
128 855 196 919 quo
218 833 349 918 existet,
376 838 414 899 ut
437 834 476 899 de
497 833 601 899 nihilo
625 835 790 920 quippiam
814 836 887 920 fiat,
910 836 995 920 quod
1017 857 1076 900 nec

65 921 129 1007 ipsi
149 943 211 988 nec
228 923 378 1007 cuiquam
396 922 532 1007 physico
549 922 667 1007 placet,
690 923 838 1008 alteram,
856 928 902 1008 ut,
920 944 994 989 cum
1013 924 1075 988 duo

66 1009 235 1076 individua
257 1031 315 1096 per
336 1010 529 1075 inanitatem
550 1010 711 1094 ferantur,
742 1011 880 1077 alterum
904 1033 921 1076 e
944 1012 1076 1098 regione

34 1117 55 1158 ιο
66 1101 247 1183 moveatur,
271 1098 410 1163 alterum
434 1097 581 1164 declinet.
616 1098 707 1169 Licet
730 1099 816 1164 enim
838 1099 980 1184 Epicuro
1004 1113 1129 1167 con-19

67 1187 196 1252 cedenti
222 1208 318 1252 omne
342 1187 546 1252 enuntiatum
569 1191 626 1252 aut
648 1208 760 1253 verum
784 1192 841 1252 aut
862 1188 982 1254 falsum
1006 1207 1076 1252 esse

66 1297 132 1341 non
154 1275 271 1359 vereri,
292 1293 334 1340 ne
358 1274 467 1340 omnia
488 1274 558 1339 fato
581 1275 652 1340 fieri
677 1275 720 1340 sit
738 1297 882 1360 necesse3
906 1276 1076 1342 nonenim

67 1363 209 1428 aeternis
233 1363 338 1428 causis
360 1367 497 1428 naturae
519 1364 712 1428 necessitate
734 1365 943 1431 manantibus
963 1385 1076 1430 verum

67 1455 116 1516 est
139 1451 184 1536 id,
208 1452 294 1536 quod
316 1451 364 1516 ita
387 1451 586 1516 enuntiatur:
610 1450 796 1518 ‘Descendit
815 1453 852 1517 in
868 1453 1077 1520 Academiam

35 1557 56 1598 a
69 1537 276 1623 Carneades',
302 1560 361 1604 nec
383 1543 493 1604 tamen
516 1539 584 1603 sine
607 1539 727 1622 causis,
756 1539 812 1604 sed
833 1540 969 1606 interest
992 1542 1078 1605 inter

67 1647 182 1693 causas
206 1627 344 1692 fortuito
368 1631 573 1713 antegressas
597 1631 631 1691 et
652 1627 738 1691 inter
760 1649 873 1692 causas
894 1627 1076 1712 cohibentis

67 1715 100 1780 in
129 1737 166 1782 se
198 1715 405 1784 efficientiam
433 1714 627 1780 naturalem.
671 1713 724 1779 Ita
751 1719 784 1779 et
811 1735 938 1800 semper
964 1737 1077 1781 verum

66 1801 129 1869 luit
153 1802 325 1870 ‘Morietur
346 1802 520 1888 Epicurus,
548 1825 620 1869 cum
649 1803 711 1868 duo
735 1806 768 1866 et
791 1803 1000 1889 septuaginta
1023 1825 1077 1868 an·

67 1912 125 1957 nos
153 1891 287 1975 vixerit,
315 1891 469 1957 archonte
491 1890 694 1976 Pytharato'‚
722 1912 826 1975 neque
849 1894 960 1957 tamen
983 1894 1077 1957 erant

35 1994 186 2046 ucausae
208 1978 336 2064 fatales,
359 2001 416 2045 cur
437 1979 486 2044 ita
504 1979 671 2064 accideret,
695 1979 759 2065 sed,
783 1979 869 2065 quod
886 1979 934 2044 ita
953 1979 1076 2061 cecidit,

67 2067 143 2134 scr'ie
165 2071 257 2134 certa
278 2089 448 2134 causarum
472 2089 630 2152 casurum,
654 2067 738 2132 sicut
756 2067 879 2152 cecidit,
900 2067 972 2133 fuit.
1007 2066 1039 2132 N
1042 2089 1076 2132 ec
1095 2079 1129 2129 20

67 2155 102 2238 ii,
126 2156 186 2241 qui
209 2155 320 2222 dieunt
342 2156 548 2221 inmutabilia
571 2177 655 2240 esse,
679 2178 761 2240 quae
783 2155 894 2221 futura
917 2156 996 2241 sint,
1017 2177 1077 2222 nec

68 2265 163 2328 posse
192 2265 306 2310 verum
331 2244 477 2308 futurum
504 2247 692 2310 convertere
719 2245 755 2308 in
780 2243 913 2327 falsum,
939 2244 1002 2310 fati
1024 2265 1077 2308 ne·

68 2333 256 2399 cessitatem
278 2333 479 2416 confirmant,
503 2331 559 2396 sed
580 2332 755 2398 verborum
777 2333 844 2397 vim
864 2332 1077 2416 interpretan-

36 2423 129 2486 utar.
173 2418 222 2484 At
251 2421 306 2504 qui
334 2420 544 2485 introducunt
571 2441 742 2486 causarum
770 2420 884 2484 seriem
911 2421 1077 2504 sempiter-

67 2530 157 2594 nam,
185 2508 210 2572 ii
237 2511 379 2572 mentem
406 2507 546 2572 hominis
574 2508 743 2574 voluntate
770 2507 874 2580 libera
901 2506 1076 2592 spoliatam

68 2596 263 2664 necessitate
285 2595 348 2660 fati
371 2594 563 2661 devinciunt.

134 2682 199 2749 Sed
221 2683 301 2750 haec
319 2683 488 2766 hactenus3
512 2684 577 2749 alia
594 2683 769 2750 videamus.
801 2680 972 2749 Concludit
991 2682 1129 2748 enim10

69 2770 271 2857 Chrysippus
299 2772 361 2838 hoc
388 2772 498 2838 modos
526 2769 582 2835 ‘Si
610 2776 668 2836 est
694 2775 819 2837 motus
844 2771 924 2834 sine
948 2791 1076 2856 causa,

36 2873 142 2926 enon
170 2859 294 2925 omnis
322 2859 555 2944 enuntiatio,
583 2860 681 2944 quod
703 2855 854 2942 ἀξίωμα
876 2858 1077 2925 dialectici
1191 2901 1193 2904 -

69 2948 287 3032 appellant,
311 2951 377 3014 aut
394 2969 486 3013 vera
504 2951 571 3013 aut
588 2948 691 3012 falsa
709 2947 798 3032 erit3
822 2967 957 3013 causas
977 2949 1076 3013 enim
1150 3000 1152 3004 .

69 3036 286 3102 efficientis
310 3036 408 3120 quod
430 3057 505 3101 non
525 3036 699 3120 habebit,
721 3035 760 3100 id
776 3056 845 3101 nec
862 3057 991 3101 verum
1008 3057 1076 3100 nec

68 3121 211 3189 falsum
238 3123 327 3207 erit3
355 3123 477 3190 omnis
504 3127 630 3189 autem
653 3124 873 3190 enuntiatio
897 3127 963 3188 aut
985 3145 1076 3189 vera

70 3216 135 3277 aut
152 3211 257 3277 falsa
275 3216 347 3296 est3
371 3216 496 3278 motus
515 3232 606 3298 ergo
626 3212 706 3276 sine
725 3233 840 3278 causa
856 3212 987 3275 nullus
1008 3215 1075 3275 est.

37 3297 175 3374 ³⁵Qu0d
198 3300 232 3365 ai
248 3299 306 3364 ita
324 3304 396 3384 est,
419 3300 558 3384 omnia,
581 3321 676 3384 quae
694 3299 809 3383 fiunt,
827 3298 954 3364 causis
972 3298 1075 3362 fiunt
1094 3310 1126 3359 21

71 3388 327 3475 antegressis;
349 3387 387 3452 id
410 3387 442 3452 si
464 3387 522 3451 ita
540 3391 612 3471 est,
634 3386 717 3454 fato
737 3387 863 3453 omnia
885 3385 1000 3468 fiunt3
1024 3385 1075 3450 ef-

70 3474 206 3543 ficitur
224 3476 348 3562 igitur
365 3476 447 3540 fato
466 3473 570 3558 fieri,
588 3497 845 3560 quaecumque
864 3472 985 3539 fiant?
1013 3473 1076 3540 Hic

809 3576 862 3632 17*
