2478 3936
279 133 347 189 ms.
366 131 400 189 n
424 132 502 187 our.
522 136 634 187 as-ss.
658 137 805 198 saa-n.
932 99 938 110 ⁸
1002 129 1043 194 71

51 277 154 340 eadem
185 279 234 342 est
268 275 354 342 enim
385 274 515 341 Lucina
563 273 691 359 Itaque,
723 278 760 338 ut
791 273 876 359 apud
904 271 1045 339 Graecos

49 363 189 449 Dianam,
211 385 348 448 eamque
361 362 552 446 Luciferam,
571 362 617 427 sic
635 363 721 448 apud
738 367 869 428 nostros
887 359 1045 427 Iunonem

48 451 195 517 Lucinam
228 453 265 517 in
296 451 450 537 pariendo
478 450 644 533 invocant3
681 472 763 535 quae
795 449 908 516 eadem
937 448 1045 516 Diana

51 539 238 626 ‘omnivaga’
253 539 380 624 dicitur,
401 561 468 605 non
486 561 506 604 a
524 537 679 621 venando,
697 538 754 604 sed
772 538 858 624 quod
870 538 906 602 in
919 541 1044 624 septem

30 633 230 694 sunmeratur
259 633 428 711 tamquam
455 627 660 713 vagantibus.
703 625 811 692 Diana
838 625 937 709 dicta,
966 626 1044 710 quia
1062 643 1098 692 os

48 721 137 780 noctu
160 717 255 800 quasi
277 716 362 781 diem
385 715 534 780 efficeret.
576 712 760 780 Adhibetur
782 718 892 780 autem
914 714 955 780 ad
972 736 1045 800 par·

48 807 106 888 tus,
135 804 223 889 quod
252 803 277 868 ii
306 807 527 869 maturescunt
555 805 611 867 aut
634 807 758 888 septem
779 825 846 868 uon
866 823 1044 886 numquam

47 895 113 975 aut,
143 894 182 956 ut
208 891 414 977 plerumque,
444 912 562 956 norem
584 890 679 955 lunae
702 891 863 974 cursibus,
891 891 946 974 qui
969 891 1045 974 quia

47 1001 153 1045 mensa
175 980 284 1066 spatia
307 979 493 1062 conficiunt,
521 977 679 1044 ‘menses'
701 979 919 1044 nominantur.
964 977 1045 1043 Con·

17 1085 37 1124 1⁰
47 1068 210 1154 cinneque,
232 1072 270 1132 ut
293 1067 406 1151 multa,
428 1066 589 1151 Timaeus,
611 1067 667 1150 qui
689 1087 762 1132 oum
784 1067 820 1130 in
840 1066 979 1132 historia
1001 1065 1047 1130 di·

47 1155 151 1240 xisset,
173 1178 240 1241 qua
257 1159 352 1222 nocte
369 1160 467 1221 natus
481 1153 664 1220 Alexander
683 1159 777 1239 esset,
796 1154 907 1220 eadem
920 1153 1046 1219 Dianae

47 1243 203 1328 Ephesiae
230 1245 390 1330 templum
417 1243 660 1328 deflagrarisse,
690 1243 836 1308 adiunxit
858 1243 990 1308 minimo
1012 1241 1047 1306 id

49 1353 111 1397 esse
135 1333 333 1410 mirandum,
360 1331 446 1415 quod
467 1330 587 1415 Diana,
610 1353 683 1397 cum
705 1331 741 1396 in
762 1335 860 1417 partu
882 1331 1047 1416 Olympia·

49 1419 91 1484 dis
108 1419 221 1486 adesse
239 1420 405 1502 voluisset,
423 1419 558 1484 afuisset
575 1419 679 1484 domo.
708 1418 796 1496 Quae
810 1424 919 1486 autem
933 1420 993 1484 dea
1005 1419 1048 1484 ad

19 1523 39 1562 u
49 1529 93 1573 res
111 1531 225 1576 omnes
240 1508 375 1592 veniret,
390 1506 549 1574 Venerem
562 1508 667 1574 nostri
679 1508 937 1591 nominavenmt,
950 1511 1047 1591 atquc

50 1617 82 1660 ex
108 1619 148 1662 ea
173 1597 284 1682 potius
307 1594 492 1663 ‘venustas’
520 1618 618 1679 quam
641 1595 783 1661 ‘Venus'
807 1619 845 1661 ex
867 1598 1047 1660 venustate.

106 1684 278 1750 Videtisne
307 1684 422 1771 igitur,
450 1687 487 1748 ut
517 1706 537 1749 a
559 1683 703 1768 physicis
726 1683 823 1748 rebus
845 1684 927 1747 bene
950 1687 1047 1765 atque

49 1773 168 1838 utiliter
199 1773 341 1839 inventis
363 1775 470 1838 tracta
497 1772 581 1836 ratio
611 1771 654 1836 sit
682 1769 723 1836 ad
745 1769 988 1836 commenticios
1015 1774 1048 1834 ct

51 1861 138 1928 fictos
162 1861 262 1927 deos?
286 1882 368 1946 quae
390 1882 442 1925 res
465 1859 577 1946 genuit
600 1858 701 1924 falsas
725 1858 892 1944 opiniones
912 1879 1049 1924 errores·

22 1963 106 2032 tque
137 1949 345 2014 turbulentos
376 1950 409 2013 et
441 1947 688 2032 superstitiones
715 1968 817 2032 paene
844 1946 955 2012 aniles.
1003 1945 1050 2012 Et

50 2035 167 2102 formae
195 2037 282 2102 enim
307 2035 402 2101 nobis
425 2036 558 2102 deorum
581 2038 613 2099 et
636 2037 760 2100 aetates
784 2039 817 2100 et
839 2034 977 2100 vestitus
1000 2055 1050 2100 or·

51 2130 204 2210 nutusque
223 2123 295 2190 noti
313 2127 397 2207 sunt,
420 2144 539 2210 genera
557 2127 733 2208 practerea,
756 2123 915 2209 coniugia,
933 2144 1050 2208 cogna-

51 2213 149 2278 tiones
180 2212 352 2296 omniaque
379 2212 529 2277 traducta
556 2210 597 2276 ad
626 2211 871 2278 similitudinem
893 2211 1050 2277 inbecilli-

52 2302 124 2366 tatis
145 2301 331 2386 humanaep
344 2321 420 2365 nam
439 2303 472 2364 et
489 2299 688 2384 perturbatis
707 2299 823 2364 animis
842 2299 1051 2382 inducuntur3

25 2391 230 2475 saoepimus
254 2389 339 2454 enim
362 2388 494 2454 deorum
513 2387 715 2472 cupiditates,
738 2387 966 2472 aegritudines,
988 2386 1051 2450 ira·

54 2477 194 2561 eundias3
215 2497 276 2544 nco
293 2498 379 2559 vero,
402 2480 439 2541 ut
456 2474 586 2541 fabulae
604 2475 721 2558 ferunt,
740 2475 836 2539 bellis
854 2473 1051 2559 proeliisque

54 2567 234 2649 caruerunt,
264 2585 323 2629 nco
350 2565 469 2645 solum,
501 2567 538 2628 ut
566 2563 651 2648 apud
672 2561 864 2643 Homerum,
891 2583 965 2626 cum
988 2561 1069 2626 duo·

55 2654 206 2720 exercitus
230 2651 410 2718 contrarios
433 2651 491 2716 alii
513 2651 565 2715 dei
583 2673 621 2715 ex
640 2650 705 2716 alia
723 2653 817 2735 parte
835 2647 1051 2732 defenderent,

56 2741 104 2806 sed
129 2741 246 2823 etiam,
274 2744 312 2805 ut
335 2762 408 2806 cum
430 2738 570 2822 Titanis,
599 2741 636 2803 ut
658 2760 733 2803 cum
756 2736 965 2823 Gigantibus,
993 2759 1052 2804 sua

25 2829 179 2914 ³⁰propria
201 2828 291 2893 bella
313 2831 491 2914 gesserunt.
526 2825 616 2891 Haec
639 2829 671 2889 et
695 2825 843 2891 dicuntur
866 2827 898 2890 et
921 2826 1052 2892 credun·

52 2921 99 2982 tur
126 2916 322 2990 stultissime
349 2919 381 2980 et
408 2915 507 3000 plena
534 2917 610 2978 sunt
635 2912 820 2978 futtilitatis
844 2935 1051 3000 summaeque

52 3005 199 3070 levitatis.
237 3002 299 3069 Sed
321 3008 431 3068 tamen
453 3003 504 3067 his
527 3001 648 3067 fabulis
672 3001 791 3086 spretis
814 3023 852 3068 ac
871 3004 1050 3089 repudiatis
1070 3017 1107 3064 ur

53 3093 123 3159 deus
149 3093 317 3180 pertinens
343 3113 403 3176 per
430 3094 582 3155 naturam
604 3089 756 3174 cuiusque
779 3090 840 3173 rei,
866 3113 925 3176 per
946 3097 1051 3156 terras

54 3179 158 3266 Ceres,
181 3202 240 3266 per
270 3179 374 3245 maria
400 3177 586 3264 Neptunus,
617 3177 673 3242 alii
702 3199 761 3262 per
790 3179 869 3261 alia,
898 3181 1053 3262 poterunt

29 3279 46 3319 ³⁵
56 3267 197 3356 intellegi
220 3267 276 3354 qui
300 3268 474 3352 qualesque
493 3266 572 3349 sint,
599 3287 727 3350 quoque
750 3288 805 3330 eos
828 3264 958 3328 nomine
980 3285 1054 3328 con-

57 3358 183 3422 suetudo
211 3355 459 3440 nuncupaverit,
485 3353 548 3420 hoc
575 3374 630 3419 eos
657 3358 690 3418 et
716 3350 863 3419 venerari
893 3353 925 3414 et
948 3350 1054 3415 colere

59 3443 209 3511 debemus.
250 3441 366 3510 Cultus
389 3446 498 3509 autem
522 3442 653 3507 deorum
677 3444 727 3506 est
746 3439 887 3525 optimus
905 3437 1055 3521 idemque

1057 1655 1117 1782 lt
