2458 3934
281 171 348 226 mn.
367 172 415 228 ΙΙΙ.
440 172 515 226 ῡΑΡ.
536 177 649 228 as-eo.
672 178 819 240 §rr-rs.
991 173 1054 238 133

70 311 137 386 oua
158 307 259 400 ergo?
280 315 338 380 ssu
360 315 440 401 doli,
463 316 562 400 quid?
585 317 762 401 machinae,
781 289 883 401 turer
905 316 1056 382 farraceo

68 402 328 488 praestrigiaeque
354 425 433 469 num
460 405 528 470 sine
555 405 682 470 ratione
705 427 775 470 esse
798 406 995 491 potuemmt‘?
1028 404 1055 469 0

66 490 254 570 praeclarum
276 513 392 556 munus
417 492 560 557 deorum!
584 497 622 557 ut
643 493 797 559 Phormio
815 494 921 579 possit
939 493 1055 558 dicere:

119 591 215 662 Ocdo
241 618 381 680 senem3
403 598 479 661 iam
497 598 694 664 instructa
712 603 801 663 sunt
819 600 869 664 mi
887 599 926 663 in
943 598 1056 664 corde

685 687 853 752 consilia
875 687 1011 751 omnia.

46 803 114 871 sSed
135 829 289 874 exeamus
312 831 329 874 e
351 809 497 894 theatro,
519 810 685 877 veniamus
707 811 743 875 in
764 811 880 876 forum,
925 808 1056 875 Sessum
1066 775 1110 900 *9ξῖ

63 893 84 956 it
101 900 239 980 praetor.
279 896 363 973 Quid
385 900 423 962 ut
444 898 623 963 iudicetur?
655 897 935 974 cunabulorum
952 898 1057 963 incen-

64 982 141 1050 derit.
176 984 273 1061 Quod
294 985 420 1050 facinus
439 986 619 1052 occultius?
650 986 690 1050 Id
707 1007 741 1050 se
760 984 796 1061 Q.
813 983 934 1069 Sosius,
953 986 1058 1070 splen-

63 1071 140 1136 didus
159 1095 259 1158 eques
273 1073 440 1138 Romanus
459 1097 498 1138 ex
516 1095 596 1160 agro
609 1073 737 1158 Piceno,
759 1074 874 1139 fecisse
893 1073 1058 1140 confessus

64 1163 111 1223 ert.
148 1160 212 1237 Qui
234 1163 497 1248 transscripserit
519 1163 650 1227 tabulas
673 1162 829 1248 publicas.
869 1161 909 1226 Id
929 1182 1057 1246 quoque

37 1263 54 1301 1⁰
63 1245 90 1310 L.
101 1247 221 1314 Alenus
234 1250 324 1334 fecit,
337 1272 410 1315 cum
424 1249 676 1336 chirographum
691 1273 746 1316 sex
759 1251 940 1337 primorum
953 1251 1058 1314 imita-

63 1338 105 1398 tus
125 1340 182 1404 est
221 1337 307 1414 Quid
328 1338 391 1403 hoc
413 1338 544 1404 homine
565 1339 752 1404 sollertius?
789 1338 956 1426 Cognosce
975 1339 1058 1404 alias

65 1427 267 1510 quaestiones
290 1427 361 1528 euri
377 1427 558 1528 Tolossani,
581 1427 812 1529 coniurationis
830 1428 1059 1514 Iugurthinae,

63 1514 534 1687 ltinsffittiilllt
552 1516 1060 1688 laetiludgaiiilapt'latil,

37 1689 120 1752 lstum
136 1689 220 1756 haec
234 1686 405 1775 cotidiana,
428 1691 521 1774 sicae,
544 1691 667 1774 veneni,
689 1691 867 1775 peculatus,
885 1694 1058 1755 testamen·

64 1777 157 1842 torum
184 1779 289 1844 etiam
316 1778 388 1864 lege
410 1800 496 1845 nova
519 1779 733 1863 quaestiones.
778 1776 856 1842 Inde
878 1778 937 1842 illa
960 1777 1058 1843 actio:

65 1878 118 1927 orn
136 1883 370 1944 cousuroqurr
389 1884 459 1932 nuo
477 1884 620 1932 sunnon
638 1883 699 1932 aro
717 1883 859 1931 sacrun
873 1883 966 1950 essu,
984 1865 1058 1930 inde

64 1953 105 2014 tot
123 1954 244 2020 iudicia
267 1955 306 2018 de
328 1953 390 2018 fide
413 1955 514 2039 mala,
536 1954 673 2040 tutelae,
697 1954 854 2038 mandati,
877 1976 937 2040 pro
961 1954 1059 2038 socio,

64 2037 194 2127 fiduciae,
219 2043 353 2126 reliqua,
375 2064 458 2128 quae
480 2065 520 2107 ex
542 2046 651 2128 empto
675 2047 732 2108 aut
754 2041 885 2109 vendito
908 2047 965 2108 aut
986 2063 1059 2108 con·

39 2125 145 2195 rlinctu
179 2134 239 2206 aut
270 2131 378 2196 locato
411 2135 525 2196 contra
552 2131 649 2196 fidem
678 2131 773 2216 fiunt,
804 2131 878 2196 inde
905 2131 1058 2196 iudicium

65 2217 218 2296 publicum
240 2219 289 2284 rei
306 2218 453 2304 privatae
471 2219 545 2304 lege
557 2219 732 2304 Plaetoria,
753 2219 828 2284 inde
846 2220 1058 2284 everriculum

65 2305 268 2373 malitiarum·
287 2307 447 2390 omnium,
478 2307 632 2372 iudicium
664 2307 703 2372 de
734 2308 807 2372 dolo
840 2308 942 2391 malo,
974 2306 1060 2390 quod

67 2387 93 2455 θ.
112 2395 289 2481 Aquillius,
311 2393 485 2460 familiaris
507 2399 627 2482 noster,
649 2396 802 2481 protulit3
830 2417 925 2479 quem
949 2393 1059 2459 dolum

66 2476 137 2548 idem
154 2483 323 2568 Aquillius
344 2487 416 2547 tum
437 2483 541 2548 teneri
563 2487 667 2569 putat,
690 2504 763 2548 cum
785 2483 874 2546 aliud
896 2481 941 2546 sit
964 2481 1059 2545 simu-

41 2577 58 2618 ²⁵
67 2565 165 2658 latum,
190 2572 279 2638 aliud
302 2575 418 2636 actum.
454 2570 548 2636 Hanc
569 2571 671 2657 igitur
688 2573 817 2635 tantam
835 2592 856 2635 a
873 2569 922 2634 dis
941 2569 1059 2633 inmor-
1079 2581 1112 2631 τὸ

67 2657 174 2726 talibus
208 2660 406 2725 arbitramur
433 2659 594 2724 malorum
621 2658 792 2724 sementim
820 2679 889 2722 esse
916 2656 1059 2722 factam?

67 2737 95 2808 Si
120 2750 204 2813 enim
236 2747 396 2812 rationem
424 2746 610 2812 hominibus
641 2747 673 2811 di
702 2746 870 2830 dederunt,
899 2744 1060 2811 malitiam

68 2830 222 2920 dederunt,
246 2839 296 2900 est
319 2835 405 2899 enim
427 2835 555 2900 malitia
576 2839 708 2899 versuta
731 2837 764 2898 et
780 2833 883 2899 fallax
901 2834 987 2898 ratio
1005 2856 1061 2900 no-

68 2924 157 3010 cendi,
179 2925 278 2990 iidem
302 2923 401 2988 etiam
424 2923 457 2987 di
478 2922 625 2988 fraudem
649 2921 813 3006 dederrmt,
835 2922 961 2989 facinus
979 2927 1060 2989 octe-

43 3015 161 3098 ³⁰taque,
185 3035 323 3098 quorum
344 3011 428 3076 nihil
449 3033 508 3076 nec
529 3010 650 3096 suscipi
668 3010 737 3075 sinc
755 3011 881 3078 ratione
898 3033 959 3078 nec
977 3011 1061 3076 effici

68 3103 172 3177 potest.
218 3097 407 3164 ‘Utinam'
430 3099 541 3185 igitur,
563 3102 601 3163 ut
623 3099 683 3164 illa
705 3121 786 3164 anus
810 3105 912 3187 optat,

424 3226 469 3269 ne
492 3205 532 3269 in
553 3226 705 3270 nemore
728 3204 837 3271 Pelio
861 3203 1059 3269 securibus

127 3293 269 3362 Caesae
315 3292 550 3359 cecidissent
595 3293 782 3379 §biegnae
828 3292 873 3357 ad
916 3291 1060 3355 terrim

651 3455 652 3458 Ἴ
688 3382 835 3462 trabes,

71 3482 106 3548 sic
124 3489 221 3554 istam
243 3487 457 3553 calliditatem
479 3486 666 3551 hominibus
686 3484 719 3547 di
736 3505 777 3548 ne
796 3481 972 3547 dedissent!
997 3503 1060 3564 qua
1081 3535 1084 3543 s
