2452 3938
175 169 241 235 240
519 167 568 222 DE
586 165 829 224 DIVINATIONE

176 317 274 397 atque
305 312 393 378 virtu
424 310 586 396 proficisci
616 310 658 376 ad
690 309 912 375 dormiendum
941 308 1067 391 iubent3
1098 305 1173 372 isba

176 400 306 484 quidem
331 399 531 485 Pythagorei
562 399 674 482 utique
706 399 882 481 abstinere,
915 396 1006 480 quasi
1032 415 1111 461 vero
1139 417 1173 459 eo
1213 423 1214 450 2

176 488 247 554 ribo
271 509 371 572 mens,
392 510 459 553 non
480 491 594 553 venter
615 486 754 552 infletur.
790 483 853 550 sed
874 485 982 551 neseio
1000 505 1064 568 quo
1082 482 1174 548 modo

175 575 258 640 nihil
285 579 355 641 tam
382 575 520 641 absurde
548 575 610 640 diei
637 577 760 660 potest,
789 573 877 658 quod
901 593 969 638 non
990 571 1116 638 dicatam
1138 571 1175 635 ab

125 679 176 730 120
191 664 300 748 aliquo
327 662 606 748 philosophorum.
650 661 769 728 Utrum
796 661 898 747 igitur
921 681 1088 726 censemus
1111 659 1206 725 dor-s

176 751 345 818 mientium
368 751 493 817 animos
515 773 574 836 per
596 772 671 816 sene
688 750 778 835 ipsos
796 749 832 814 in
849 747 1038 814 somniando
1057 748 1177 813 moveri

177 862 228 922 an,
245 844 282 905 ut
295 839 501 905 Democritus
519 842 638 923 censet,
655 841 789 904 externa
807 841 841 902 et
858 835 1039 902 adventicia
1057 836 1177 901 visione

176 926 322 1014 pulsari?
354 925 428 993 Sive
452 927 537 992 anim
561 927 606 992 sie
629 931 679 992 est
697 926 765 992 sive
781 925 842 991 illo
860 924 967 1009 modo,
988 924 1094 989 videri
1111 945 1177 1009 pos·

177 1020 254 1081 sunt
274 1016 438 1100 permulta
461 1015 697 1081 somniantibus
720 1013 805 1078 falsa
826 1033 885 1098 pro
908 1012 1004 1077 veris.
1039 1010 1129 1078 Nam
1150 1015 1177 1075 et
1215 1025 1216 1048 ¹

176 1103 407 1189 navigantibus
429 1103 554 1169 moveri
574 1102 725 1168 videntur
748 1123 799 1186 ea,
822 1121 904 1186 quae
927 1104 1027 1184 stant,
1050 1104 1086 1165 et
1109 1119 1207 1184 quo-1⁰

177 1191 252 1256 dam
281 1191 398 1256 obtutu
426 1192 593 1257 oculorum
621 1191 684 1256 duo
706 1210 767 1275 pro
789 1209 854 1254 uno
877 1189 1028 1254 lucernae
1051 1187 1178 1254 lumina.

177 1277 261 1354 Quid
292 1277 410 1360 dicum,
440 1278 577 1362 insanis,
608 1277 686 1362 quid
715 1277 813 1342 ebriis
843 1297 940 1361 quam
967 1277 1075 1341 multa
1101 1275 1179 1340 falsa

177 1365 368 1431 rideantur?
400 1363 522 1440 Quodsi
539 1366 607 1431 eius
626 1366 715 1431 modi
731 1366 811 1430 risis
829 1364 1022 1430 credendum
1039 1368 1179 1445 nonest,
1216 1355 1217 1380 ¹

177 1475 234 1520 our
261 1451 395 1518 somniis
419 1455 581 1538 credatur,
606 1454 725 1520 nescio.
769 1451 856 1517 Nam
877 1456 947 1518 tam
970 1452 1048 1518 lieet
1072 1453 1112 1518 de
1134 1452 1179 1516 his

178 1540 351 1626 erroribus,
373 1541 402 1606 si
423 1542 514 1628 velis,
537 1564 634 1627 quam
658 1541 696 1606 de
720 1540 854 1606 somniis
878 1539 1054 1626 disputare,
1077 1544 1117 1606 ut
1138 1562 1178 1621 ea,
1190 1557 1207 1596 1⁵

179 1651 261 1714 quae
284 1632 387 1714 stant,
409 1631 438 1695 si
459 1629 582 1696 moveri
603 1629 787 1713 videantur,
808 1632 914 1694 terrae
936 1631 1065 1694 motum
1089 1627 1179 1715 signi-
1217 1608 1218 1702 1

178 1718 275 1783 ficare
302 1717 390 1782 dieas
418 1722 475 1783 aut
503 1717 706 1804 repentinam
733 1717 878 1801 aliquam
898 1715 1027 1802 fugam,
1055 1717 1178 1803 gemino

126 1809 288 1929 59autem
317 1805 467 1871 lucernae
494 1805 615 1908 iumine
643 1805 799 1906 declarari
821 1804 1055 1870 dissensionem
1080 1827 1119 1906 aa
1140 1823 1180 1868 se

128 1892 349 1993 1,1d1t10nem
373 1894 531 1975 [moven].
575 1892 646 1958 Iam
670 1914 708 1958 ex
729 1913 918 1958 msauorum
941 1895 1000 1957 aut
1022 1891 1179 1957 ebnorum
1218 1956 1219 1984 ,

179 1980 258 2046 visis
280 1980 530 2046 innumerabilia
552 1981 736 2046 coniectura
758 1980 847 2045 trahi
864 1983 1012 2066 possunt,
1035 2001 1120 2065 quae
1136 1979 1219 2044 fu-ai

178 2072 254 2133 tura
279 2066 463 2133 videantur.
479 2119 485 2133 .
501 2119 531 2134 ..
572 2067 650 2144 Quis
677 2071 728 2133 est
755 2068 854 2152 enim,
882 2066 937 2151 qui
964 2071 1074 2132 totum
1102 2068 1179 2133 diem

178 2155 323 2220 iaculans
344 2176 410 2219 non
434 2156 607 2240 aliquando
630 2156 806 2225 conliniet?
841 2153 943 2220 Totas
965 2159 1080 2221 noctes
1103 2177 1180 2220 som·

178 2242 319 2326 niamus,
345 2263 448 2328 neque
471 2245 539 2309 ulla
561 2243 714 2328 estsere,
742 2265 806 2328 qua
827 2264 894 2309 non
915 2242 1130 2328 dormiamus,
1152 2247 1180 2306 et

179 2330 335 2396 miramur
362 2331 535 2415 aliquando
561 2332 608 2416 id,
640 2331 726 2416 quod
753 2331 995 2415 somniarimus,
1027 2331 1179 2397 evadere?

180 2417 264 2493 Quid
290 2421 340 2484 est
361 2421 432 2484 tam
453 2419 613 2485 insertum
635 2441 734 2503 quam
755 2419 897 2484 talorum
918 2419 1047 2485 iaetus?
1075 2422 1209 2483 tamenn

178 2527 274 2572 nemo
289 2510 348 2591 est,
363 2507 440 2592 quin
454 2528 549 2592 saepe
562 2508 686 2573 iactans
699 2505 875 2572 Venerium
888 2506 988 2572 iaciat
1001 2506 1180 2591 aliquando,

178 2616 244 2659 non
265 2616 443 2678 numquam
465 2595 564 2660 etiam
586 2595 704 2660 iterum
727 2616 765 2660 ao
787 2594 928 2659 tertium.
964 2592 1055 2659 Num
1075 2595 1179 2681 igitur,

179 2686 217 2748 ut
233 2682 345 2768 inepti,
366 2680 504 2748 Veneris
522 2682 556 2747 id
573 2683 705 2768 inpulsu
721 2683 793 2747 fieri
810 2682 971 2747 malumus
992 2703 1092 2766 quam
1109 2703 1180 2748 casu

179 2769 306 2835 disere?
338 2767 460 2846 Quodsi
481 2771 596 2836 ceteris
618 2769 819 2856 temporibus
841 2769 934 2834 falsis
956 2769 1037 2836 visis
1058 2771 1180 2836 ereden-

180 2856 257 2920 dum
281 2878 349 2922 non
375 2861 438 2942 est,
464 2879 531 2923 non
552 2858 659 2942 video,
687 2857 764 2942 quid
786 2857 951 2943 praecipui
972 2879 1107 2924 somnus
1129 2859 1209 2926 ha·⁵⁰

128 2956 179 3008 122
193 2944 280 3028 beat,
300 2943 335 3008 in
358 2965 421 3027 quo
444 2946 575 3011 valeant
596 2945 682 3010 falsa
703 2952 769 3030 pro
785 2945 879 3010 veris.
916 2944 1039 3020 Quodsi
1059 2946 1110 3012 ita
1129 2967 1180 3010 na·

179 3034 255 3096 tura
280 3034 432 3115 paratum
459 3037 558 3115 esset,
584 3037 622 3098 ut
648 3055 687 3099 ea
709 3033 903 3098 dormientes
926 3037 1076 3119 agerent,
1103 3053 1179 3120 quae

181 3117 388 3200 somniarent,
407 3118 564 3205 alligandi
582 3142 693 3186 omnes
712 3124 828 3203 essent,
846 3120 901 3205 qui
919 3121 1066 3188 cubitum
1083 3123 1180 3202 irent;

180 3205 318 3272 maiores
344 3205 430 3270 enim
453 3228 551 3290 quam
572 3208 633 3273 ulli
655 3209 761 3274 insani
784 3209 948 3274 efficerent
969 3213 1079 3275 motus
1103 3231 1179 3276 som·

179 3293 317 3394 niantes.
348 3291 471 3369 Quodsi
487 3294 675 3362 insanorum
692 3297 771 3362 risis
788 3296 868 3398 fides
881 3317 948 3361 non
961 3301 1013 3362 est
1026 3297 1178 3378 habenda,
1188 3307 1209 3349 ³⁵

180 3380 1178 3560 instititutisttsissttu?‘isium{³¹¹2ss
