2476 3936
312 217 380 274 LIB.
399 219 434 274 11.
459 218 534 274 cAP.
555 225 631 274 a-c.
651 226 666 285 s
685 225 779 276 s-n.
983 221 1047 286 309

57 357 182 426 Graecia
208 361 375 426 verissime
403 361 521 447 dicere,
547 386 624 429 nam
651 367 684 429 et
711 364 784 449 ipsa
805 364 1047 450 Peloponnesus

56 447 114 512 lere
134 453 206 514 tota
226 449 262 514 in
284 451 367 515 mari
389 455 452 534 est,
473 451 477 534 Ι
497 473 555 517 222
577 456 707 538 praeter
728 452 913 518 Phliuntios
937 453 977 534 [p.
996 470 1047 518 228

56 537 107 600 ulli
128 541 212 621 sunt,
236 560 373 622 quorum
397 540 468 626 agri
489 562 556 606 non
576 541 767 626 contingant
785 565 883 627 mare,
906 545 939 606 et
957 546 1049 606 extra

55 623 304 711 Peloponnesum
327 627 488 694 Aenianes
511 632 544 693 et
566 628 664 695 Doris
687 633 720 694 et
742 629 885 714 Dolopes
909 630 972 694 soli
995 631 1048 694 ab·

37 718 123 778 ssunt
154 737 174 780 a
205 715 297 780 mari.
346 714 429 792 Quid
462 717 567 782 dicam
597 717 723 802 insulas
755 716 929 783 Graeciae?
966 741 1048 802 quac

15 851 16 892 ,
55 802 197 868 fluctibus
224 804 346 869 cinctae
372 807 488 869 natant
515 827 616 890 paene
643 805 733 891 ipsae
758 807 855 871 simul
878 829 951 872 cum
974 806 1048 872 civi·

55 894 150 957 tatum
171 891 333 958 institutis
357 897 390 958 et
411 893 564 958 moribus.
605 893 713 978 Atque
736 894 816 958 haec
839 894 982 979 quidem,
1011 899 1047 958 22

56 1001 142 1064 supra
170 981 251 1064 dixi,
281 982 402 1047 veteris
429 985 504 1047 sunt
527 980 690 1048 Graeciae.
735 981 944 1048 Coloniarum
971 1004 1047 1048 vero

56 1091 127 1151 quae
155 1073 206 1134 est
233 1069 368 1135 deducta
396 1093 415 1134 a
438 1068 544 1135 Graiis
571 1070 606 1134 in
628 1070 756 1154 Asiam,
783 1069 957 1154 Thracam,
984 1070 1049 1136 Ita-

29 1173 46 1214 1⁰
55 1157 135 1243 liam,
172 1155 330 1243 Siciliam,
366 1157 511 1224 Africam
547 1162 676 1243 praeter
707 1180 806 1223 unam
836 1158 1048 1245 Magnesiam,

56 1268 141 1329 quam
167 1246 256 1312 unda
277 1269 344 1312 non
367 1247 499 1312 adluat?
531 1246 583 1312 Ita
605 1247 820 1312 barbarorum
843 1248 932 1333 agris
955 1248 1049 1333 quasi

56 1335 206 1420 adtexta!
232 1335 388 1419 quaedam
415 1334 542 1400 videtur
569 1357 626 1400 ora
654 1357 723 1400 esse
747 1335 914 1421 Graeciae,
937 1338 977 1418 [p.
997 1351 1048 1402 222

55 1445 120 1490 nam
145 1447 163 1489 e
186 1424 336 1488 barbaris
360 1422 488 1507 quidem
510 1423 590 1508 ipsis
613 1424 696 1488 nulli
719 1428 810 1488 erant
834 1429 930 1490 antea
954 1423 1049 1489 mari-

55 1513 127 1577 tumi
143 1515 275 1599 praeter
287 1511 444 1578 Etruscos
459 1516 492 1577 et
503 1510 639 1597 Poenos,
658 1513 753 1578 alteri
767 1512 929 1578 mercandi
944 1534 1049 1596 causa,

29 1616 46 1656 1⁵
56 1600 261 1668 latrocinandi
288 1601 391 1666 alteri.
437 1599 525 1676 Quae
553 1622 650 1665 causa
676 1601 847 1685 perspicua
873 1604 924 1667 est
950 1601 1050 1665 malo·

55 1711 116 1756 rum
151 1688 506 1774 commutationumque
537 1687 690 1753 Graeciae
725 1692 860 1774 propter
895 1709 933 1753 ea
969 1688 1050 1754 vitia

56 1779 284 1845 maritimarum
305 1776 444 1863 urbium,
468 1799 549 1862 quae
569 1781 645 1842 ante
663 1777 760 1861 paulo
780 1777 978 1861 perbreviter
997 1777 1049 1840 ad·

56 1868 115 1953 tigi.
160 1865 224 1933 Sed
251 1870 363 1932 tamen
388 1867 424 1931 in
449 1866 501 1931 his
524 1865 613 1931 vitiis
635 1864 721 1930 inest
742 1864 802 1930 illa
823 1885 944 1950 magna
966 1886 1050 1930 com·

57 1956 200 2040 moditas,
232 1960 278 2039 et,
310 1954 396 2040 quod
424 1955 543 2039 ubique
574 1953 719 2040 genitum
744 1957 749 2032 Ι
773 1955 837 2037 est,
868 1957 905 2019 ut
938 1955 978 2032 [p.
997 1968 1049 2017 230

28 2043 89 2107 elad
109 2066 182 2110 eam
200 2044 323 2128 urbem,
347 2065 445 2128 quam
462 2042 594 2127 incolae,
614 2042 719 2128 possit
737 2041 864 2126 adnare,
887 2044 921 2106 22
937 2063 1049 2106 rursus

56 2136 86 2195 ut
110 2133 155 2220 id,
182 2130 273 2217 'quod
300 2132 372 2218 agri
395 2131 530 2196 efferant
553 2130 617 2215 sui,
644 2151 860 2214 quascumque
886 2129 990 2195 velint
1015 2130 1050 2194 in

55 2221 158 2306 terras,
183 2224 315 2306 portare
337 2220 465 2307 possint
488 2242 525 2285 ac
548 2219 686 2285 mittere.

112 2309 174 2385 Qui
205 2310 314 2395 potuit
344 2308 448 2394 igitur
476 2307 614 2372 divinius
644 2311 676 2370 et
703 2306 865 2372 utilitates
891 2306 1050 2391 conplecti

56 2400 230 2464 maritimas
248 2397 407 2462 Romulus
430 2400 464 2461 et
483 2396 564 2462 vitia
582 2395 693 2478 vitare,
717 2417 814 2479 quam
834 2394 919 2478 quod
936 2393 1050 2458 urbem

28 2488 197 2569 ²⁵perennis
221 2485 325 2552 amnis
348 2489 381 2550 22
404 2484 584 2569 aequabilis
607 2487 640 2547 et
662 2483 697 2547 in
719 2505 808 2547 mare
829 2481 896 2546 late
919 2481 1050 2546 influen-

56 2574 92 2638 tis
121 2575 232 2661 posuit
263 2574 298 2638 in
328 2573 421 2658 ripa?
454 2595 517 2656 quo
548 2574 661 2657 posset
691 2571 770 2634 urbs
800 2573 833 2650 et
861 2570 1003 2654 accipere
1032 2591 1051 2633 a

56 2665 139 2749 mari,
152 2685 217 2750 quo
232 2664 352 2747 egeret,
365 2665 398 2725 et
411 2661 552 2744 reddere,
567 2680 629 2744 quo
643 2657 847 2741 redundaret,
863 2654 867 2745 l
883 2679 933 2722 eo·
948 2660 989 2737 [p.
999 2673 1049 2721 aar

56 2750 183 2837 demque
210 2754 248 2816 ut
269 2749 400 2815 flumine
423 2771 475 2814 res
499 2749 539 2814 ad
561 2749 683 2815 victum
705 2747 890 2830 cultumque
913 2746 1051 2810 maxime

54 2839 244 2905 necessarias
271 2855 337 2903 non
364 2839 470 2902 solum
497 2837 580 2901 mari
607 2834 842 2919 †absorberet,
869 2832 926 2898 sed
953 2834 1052 2898 etiam

26 2926 192 2993 uinrectas
210 2927 371 3011 acciperet
388 2947 426 2990 ex
445 2929 541 3011 terra,
563 2929 600 2990 ut
618 2924 700 2988 mihi
717 2923 783 2988 iam
801 2926 872 2988 tum
890 2922 1052 2987 divinasse

55 3014 104 3080 illa
125 3016 274 3081 videatur
295 3015 381 3079 hanc
402 3014 515 3078 urbem
539 3012 646 3078 sedem
669 3010 842 3096 aliquando
865 3015 899 3076 22
921 3011 1052 3076 domum

56 3121 173 3170 summo
204 3125 274 3170 esse
301 3102 437 3186 imperio
465 3101 700 3187 praebituram3
730 3121 807 3164 nam
834 3097 918 3163 hanc
944 3119 1052 3163 rerum

54 3192 175 3257 tantam
206 3190 388 3277 potentiam
418 3211 485 3255 non
515 3189 616 3254 ferme
647 3187 775 3254 facilius
802 3187 871 3253 ulla
898 3187 932 3251 in
958 3189 1051 3270 parte

54 3276 163 3346 italiae
185 3280 294 3365 posita
315 3279 392 3345 urbs
415 3282 524 3345 tenero
546 3276 715 3362 potuisset.

24 3375 44 3416 ³⁵
114 3367 213 3433 Urbi·
233 3372 342 3433 autem
361 3367 463 3451 ipsius
481 3366 593 3431 natira
608 3363 770 3451 praesidia
784 3363 856 3447 quis
868 3359 872 3449 l
884 3365 935 3426 est
949 3362 988 3442 [p.
999 3377 1050 3425 232

55 3457 118 3521 tam
140 3457 315 3544 neglegens
339 3455 394 3540 qui
416 3477 482 3520 non
503 3453 625 3520 habeat
643 3453 751 3518 animo
769 3454 884 3517 notata
901 3470 939 3515 ac
954 3449 1050 3534 plane

55 3545 200 3628 cognita?
223 3545 314 3611 cuius
336 3543 365 3608 is
389 3546 439 3608 est
460 3546 584 3607 tractus
604 3540 783 3625 ductusque
801 3538 886 3603 muri
903 3559 976 3602 oum
989 3537 1051 3602 Ro·

1066 910 1083 958 9

1069 2276 1103 2400 {³0

1070 3337 1102 3462 l
