2476 3936
543 183 593 238 nn
610 183 659 237 aa
677 182 834 239 Poenica
898 162 900 170 '

380 414 508 537 ulcu
533 415 589 497 m
616 413 675 497 ca
702 413 763 496 aa
790 381 989 496 sunuel

326 579 610 642 FRAGMENTA
637 577 871 640 INOERTAE
900 578 1040 640 sams.

249 738 278 801 1.
301 735 426 802 Neuius
441 757 476 818 p.
499 738 570 802 301.
593 739 614 800 6
636 732 684 799 M.
706 733 830 798 Tullius
851 733 887 798 de
908 753 942 796 rc
958 732 1102 815 publica:
1123 730 1183 798 aa

180 824 283 911 igitur
315 824 467 909 quiddam
499 822 724 888 turbulentum
755 821 790 886 in
820 820 1008 886 hominibus
1042 821 1184 907 singulis,

182 914 269 998 quod
290 914 343 979 vel
367 912 491 978 exultat
513 912 682 994 voluptate
705 908 759 974 vel
782 909 934 974 molestia
955 909 1129 996 frangitur.

249 1003 278 1066 2.
302 1001 384 1068 Noa.
400 1022 434 1084 p.
457 1004 529 1066 364.
552 1005 574 1065 8
600 999 649 1064 Μ.
673 998 797 1064 Tullius
818 999 854 1063 dc
876 1019 909 1062 rc
928 998 1014 1080 publ.
1038 999 1088 1064 lib.
1108 996 1184 1062 III:

181 1087 244 1156 Sed
257 1093 294 1155 ut
308 1090 373 1175 ipsi
385 1089 409 1173 †
419 1111 476 1154 seu
490 1087 634 1153 animum
647 1086 872 1172 periclitemur
886 1108 958 1151 sum
972 1086 1095 1172 vident,
1113 1086 1207 1172 quidr

182 1199 217 1243 se
239 1182 355 1263 putent
378 1199 448 1242 esse
470 1177 624 1242 facturos.

248 1267 278 1332 3.
301 1266 384 1332 Nora
402 1287 435 1346 p.
458 1267 588 1331 431.15
610 1263 658 1330 Μ.
678 1263 802 1330 Tullius
823 1265 859 1328 cic
880 1283 914 1329 rc
930 1263 1020 1346 paor,
1041 1263 1091 1331 td).
1110 1263 1186 1328 111:

181 1351 282 1418 Poeni
305 1353 402 1437 primi
425 1351 614 1417 mercaturis
639 1354 672 1416 et
695 1352 855 1416 mercibus
878 1351 946 1416 suis
966 1352 1139 1418 avaritiam
1157 1355 1186 1417 ei

182 1441 457 1528 magnificentiam
480 1445 514 1506 et
535 1439 745 1592 inexplebiles
766 1439 959 1525 cupiditates
980 1441 1126 1506 omnium
1143 1463 1186 1505 re

633 1550 802 1598 raedam..
1197 1548 1216 1586 ιο

181 1552 254 1594 rum
276 1530 523 1614 inportaverunt
546 1528 581 1594 in

248 1620 279 1683 4.
301 1617 485 1685 Scholiasta
506 1618 666 1684 Irrceaalis
687 1618 731 1682 ud
751 1622 808 1682 sat.
830 1617 867 1682 X
886 1621 953 1684 362
975 1617 1186 1701 Sardanapal-

182 1708 239 1785 lus,
260 1727 316 1774 rec
334 1708 536 1790 Assyriorum
558 1707 745 1784 luxuriosus,
768 1707 803 1772 dc
824 1726 883 1788 quo
904 1706 1029 1772 Tullius
1050 1709 1087 1774 irc
1104 1708 1186 1772 lertio

181 1797 218 1861 de
243 1795 424 1879 republica
450 1797 494 1861 sic
520 1795 583 1859 air.-
611 1791 864 1880 Sardanapallus
892 1794 948 1860 ille
971 1794 1063 1860 vitiis
1086 1796 1186 1860 multo

182 1905 280 1968 quam
302 1885 433 1950 nomine
455 1883 528 1968 ipso
552 1882 734 1947 deformior.
780 1902 785 1906 ·

248 1971 277 2037 5.
300 1971 483 2038 Priscianus
506 1971 555 2036 lib.
576 1971 627 2036 VI
639 1976 688 2036 13.
704 1976 746 2036 70
758 1993 793 2055 p.
809 1973 916 2038 255.9
938 1971 1047 2038 Hertz.
1072 1972 1187 2050 ‘Altos
1199 1990 1218 2029 a

180 2059 330 2126 Attoais’
352 2061 488 2142 meludit
508 2059 609 2126 &cero
635 2061 671 2123 ia
693 2057 761 2124 ΙΙΙ
783 2063 819 2125 dc
844 2079 878 2126 re
893 2061 1040 2142 probino:
1072 2061 1136 2126 nisi
1162 2061 1187 2126 si

182 2147 254 2230 quis
277 2147 443 2212 Athonem
470 2170 529 2232 pro
557 2151 765 2213 monumento
793 2150 864 2214 vult
885 2147 1033 2214 funditus
1057 2149 1186 2215 efficere.

182 2233 260 2310 Quis
284 2236 370 2300 enim
394 2239 444 2301 est
466 2236 574 2300 Athos
598 2238 654 2300 aut
677 2233 835 2321 Olympus
858 2237 993 2303 tantus?

250 2325 279 2389 6.
301 2325 496 2407 Auyustirrus
518 2326 555 2390 dc
576 2327 630 2389 cic.
653 2325 702 2389 dei
720 2325 823 2392 1121
844 2325 963 2391 Enitar
984 2346 1041 2392 suo
1064 2328 1135 2406 ioco,
1156 2331 1188 2392 at

181 2414 338 2478 ostendam
359 2415 524 2480 ewardum
545 2413 734 2494 definitiones
755 2414 855 2496 iareim
877 2413 1045 2494 dicereris
1073 2417 1217 2498 quoae

130 2577 133 2583 ¹
181 2502 257 2583 qaid
273 2503 315 2567 sit
330 2523 380 2568 res
391 2503 525 2585 prrblicc,
543 2502 665 2584 etquid
680 2501 723 2566 sil
734 2503 877 2584 popilius,
895 2503 1032 2586 loquente
1049 2503 1187 2588 Scipione

182 2589 308 2655 breuiter
321 2591 434 2674 posuit,
457 2589 677 2655 adtestantibus
698 2591 792 2654 etium
809 2591 919 2657 multis·
931 2593 994 2657 sice
1012 2593 1112 2678 ipsias
1129 2596 1186 2659 sive

181 2697 299 2761 eoram,
322 2699 396 2761 quos
419 2679 501 2760 toqui
522 2678 651 2758 facilia
671 2679 775 2742 eadem
798 2681 1011 2762 disputatione,
1034 2683 1186 2748 cenantis

181 2785 353 2848 numqaum
373 2767 463 2832 ittam
483 2767 580 2847 fuisse
600 2786 666 2830 rem
681 2766 849 2849 publicam,
870 2769 946 2850 quia
966 2790 1139 2853 curucam
1154 2771 1185 2834 ia

182 2873 218 2916 ec
239 2853 303 2932 fuit
323 2875 395 2920 cera
411 2855 541 2920 iustitia.
581 2853 753 2920 Secundum
773 2856 993 2939 probabiliores
1015 2864 1119 2925 aarum
1140 2859 1183 2924 dc·
1195 2873 1214 2914 2⁵

181 2941 336 3022 finitiones
356 2963 417 3023 pro
440 2963 495 3007 suc
517 2943 605 3008 modo
626 2943 759 3025 quodam
781 2965 830 3011 res
847 2945 973 3028 publicu
992 2947 1059 3027 fuit
1079 2953 1109 3013 et
1129 2969 1184 3012 mc·

182 3027 244 3093 lius
266 3027 305 3092 ab
327 3030 551 3110 anterioribus
573 3030 726 3097 Romanis
747 3053 842 3114 quom
863 3054 885 3098 a
897 3035 1121 3116 pereamus
1136 3037 1184 3100 ad-

183 3117 361 3182 ministrata
382 3121 433 3183 cst.

581 3295 792 3308 Ἢ
