2478 3936
315 181 383 237 LIB.
403 183 436 237 Π.
457 183 532 236 ΟΑΡ.
552 189 664 238 33-35.
689 190 703 248 ἓ
723 189 836 240 84-89.
1034 187 1074 248 ’Π

90 345 120 386 ea
141 324 315 391 fortuitane
346 327 411 390 sint
439 349 547 392 aneo
576 331 677 410 statu,
711 349 773 410 quo
797 328 966 394 cohaerere
989 330 1078 394 nullo

89 412 169 478 modo
196 413 365 499 potuerint
391 414 456 478 nisi
484 437 580 481 sensu
603 415 790 480 moderante
813 416 984 501 divinaque
1007 439 1080 502 pro·

87 500 223 567 videntia.
278 500 314 566 Si
346 503 449 588 igitur
481 503 617 571 meliora
648 507 725 569 sunt
755 525 806 588 ea,
840 525 921 588 quae
952 509 1078 587 natura,

87 609 170 672 quam
200 589 273 674 illa,
307 612 390 674 quae
421 594 492 655 arte
520 591 665 676 perfecta
691 595 780 673 sunt,
812 613 871 658 neo
898 613 951 657 ars
979 592 1079 658 eflicit

57 697 66 735 ⁵
86 677 246 762 quicquam
269 678 339 743 sine
361 679 497 763 ratione,
509 701 559 780 Ι111
581 684 700 780 natura
723 679 851 781 quidem
874 681 1010 780 rationis
1029 703 1079 745 ex-

84 769 225 919 llud
248 766 996 942 tetta?”trotttsf0otfftuttlt
1010 772 1080 921 tt

85 945 189 1027 artem,
223 965 360 1026 cumque
391 943 504 1028 procul
536 965 665 1009 cursum
697 944 819 1028 navigii
851 944 984 1028 videris,
1014 966 1079 1010 non

85 1029 236 1113 dubitare,
267 1031 345 1115 quin
374 1031 407 1095 id
435 1033 560 1097 ratione
590 1035 687 1116 atque
711 1036 781 1096 arte
804 1037 986 1114 moveatur,
1015 1037 1080 1116 aut,

56 1139 74 1177 o
85 1139 147 1182 cum
169 1119 327 1184 solarium
346 1119 397 1183 vel
416 1119 606 1206 discriptum
624 1119 677 1184 vel
695 1141 733 1184 ex
753 1141 837 1204 aqua
855 1120 1080 1204 contemplere,

84 1205 264 1294 intellegere
292 1207 450 1271 declarari
477 1208 575 1273 boras
604 1212 686 1292 arte,
713 1229 778 1273 non
806 1229 896 1291 casu,
926 1207 1079 1273 mundum

84 1298 199 1379 autem,
230 1295 286 1379 qui
315 1299 348 1360 et
376 1295 436 1360 bas
463 1297 552 1381 ipsas
581 1300 667 1361 artes
694 1300 727 1361 et
750 1317 861 1361 earum
884 1297 1023 1363 artifices
1048 1301 1080 1360 et

84 1388 191 1448 cuncta
213 1384 444 1468 conplectatur,
468 1384 594 1449 consilii
617 1389 651 1449 et
672 1384 808 1450 rationis
828 1407 897 1449 esse
915 1389 1080 1471 expertem

83 1472 211 1552 putare?
245 1469 366 1546 Quodsi
383 1473 418 1536 in
436 1469 603 1556 Scythiam
621 1476 677 1536 aut
695 1473 730 1537 in
743 1471 948 1537 Britanniam
968 1473 1080 1558 sphae-
1100 1487 1133 1537 88

56 1579 147 1624 uram
165 1560 284 1643 aliquis
302 1560 417 1624 tulerit
434 1561 526 1644 hano,
545 1583 643 1645 quam
660 1582 763 1645 nuper
780 1560 951 1625 familiaris
970 1565 1081 1625 noster

83 1647 180 1714 effecit
207 1647 413 1732 Potidaniae,
445 1649 534 1714 cuius
568 1649 716 1734 singulae
745 1648 968 1712 conversiones
995 1648 1081 1713 idem

84 1735 221 1801 efficiunt
247 1737 282 1800 in
308 1737 378 1801 sole
405 1741 438 1802 et
464 1737 499 1801 in
526 1738 604 1801 luna
631 1740 664 1800 et
686 1737 721 1800 in
743 1735 883 1818 quinque
907 1735 1011 1799 stellis
1035 1757 1082 1800 er-

84 1825 237 1908 rantibus,
271 1825 357 1908 quod
389 1824 527 1889 efficitur
558 1825 593 1888 in
626 1824 715 1889 eaelo
744 1823 880 1909 singulis
908 1823 1020 1888 diebus
1049 1826 1082 1888 et

84 1913 235 1995 noctibus,
255 1913 327 1996 quis
345 1913 380 1976 in
396 1913 456 1977 illa
474 1913 627 1978 barbaria
646 1912 780 1995 dubitet,
799 1912 877 1995 quin
891 1933 929 1977 ea
944 1911 1082 1996 sphaera

56 1999 122 2063 asir
146 2001 291 2086 perlecta
321 2001 469 2066 ratione?
514 2000 560 2066 Hi
587 2005 696 2066 autem
718 2000 869 2064 dubitant
892 2000 930 2064 de
953 2000 1134 2084 mund0,35

84 2108 118 2152 ex
145 2111 207 2173 qno
238 2093 271 2154 et
300 2090 448 2153 oriuntur
476 2092 508 2153 et
534 2089 617 2153 fiunt
645 2090 766 2172 omnia,
798 2109 915 2154 casune
945 2089 1015 2173 ipse
1039 2089 1082 2153 sit

85 2177 208 2242 effeetus
242 2181 299 2242 aut
330 2177 523 2243 necessitate
551 2177 660 2261 aliqua
687 2199 729 2242 an
756 2177 881 2242 ratione
910 2199 948 2243 ae
974 2181 1081 2243 mente

86 2264 196 2350 divina,
230 2269 263 2330 et
290 2265 516 2331 Archimedem
546 2266 746 2336 arbitrantur
777 2266 851 2350 plus
879 2265 1021 2330 valuisse
1048 2267 1082 2330 in

86 2352 242 2419 imitandis
270 2353 426 2438 sphaerae
454 2353 716 2419 conversionibus
745 2375 842 2438 quam
869 2356 1021 2417 naturam
1048 2353 1082 2416 in

57 2441 266 2526 sufficiendis,
298 2443 489 2526 praesertim
516 2463 588 2507 oum
615 2442 728 2508 multis
755 2441 903 2526 partibus
932 2440 998 2504 sint
1024 2440 1082 2505 illa

86 2531 220 2611 perfecta
251 2552 349 2615 quam
380 2531 460 2596 haee
492 2531 645 2595 simulata
671 2529 846 2596 sollertius.
895 2527 998 2612 Atqui
1026 2528 1082 2594 ille
1101 2551 1135 2600 89

88 2619 162 2701 apud
180 2619 316 2684 Accium
338 2623 461 2702 pastor,
484 2619 539 2702 qui
561 2639 677 2684 navem
697 2637 874 2701 numquam
894 2619 970 2680 ante
987 2616 1083 2682 vidis·

89 2710 136 2791 set,
157 2711 194 2772 ut
216 2707 331 2792 procul
354 2706 498 2774 divinum
521 2710 554 2772 et
576 2728 696 2772 novum
716 2705 899 2770 vehiculum
913 2704 1083 2790 Argonau-

88 2795 184 2860 tarum
212 2799 364 2860 emonte
387 2796 566 2880 conspexit,
592 2795 696 2879 primo
721 2794 884 2858 admirans
908 2797 941 2858 et
963 2797 1083 2880 perter-

59 2881 160 2948 ³⁰ritus
182 2883 247 2949 hoc
270 2884 366 2949 modo
390 2884 546 2968 loquitur:

545 2971 668 3036 Tanta
691 2973 811 3037 moles
834 2973 983 3038 labitur

123 3058 379 3125 Fremibvinda
398 3083 441 3125 ex
460 3062 543 3125 alto
561 3059 713 3146 inge‘nti
733 3060 862 3127 sonitu
878 3065 916 3127 et
932 3059 1084 3145 spiritu.

123 3147 216 3214 Prae
240 3170 279 3214 se
302 3149 422 3214 undas
446 3148 585 3234 volvit,
608 3149 778 3214 vertices
801 3150 838 3214 vi
862 3151 1042 3231 suscitat,

124 3235 214 3300 Ruit
235 3239 434 3322 prolapsa,
456 3237 618 3322 pelagus
641 3236 852 3323 respergit,
875 3235 1002 3300 reflat.

61 3327 79 3370 ³⁵
125 3322 183 3390 Ita
201 3325 286 3389 dum
304 3324 567 3409 interruptum
585 3325 717 3390 cre‘das
735 3325 907 3390 nimbum
921 3322 1083 3407 volvier,

125 3410 217 3478 Dum
240 3413 340 3498 quod
363 3413 529 3478 sublime
552 3413 680 3478 ve‘ntis
705 3413 905 3496 expulsdm
927 3409 1013 3493 rapi

128 3496 260 3566 Saxum
283 3505 348 3567 adt
371 3501 571 3587 procellis,
594 3502 654 3566 vel
678 3501 861 3584 globosos
884 3497 1061 3560 turbines
