2452 3938
297 191 363 248 Lm.
381 194 416 248 11.
443 192 519 247 cnr.
539 197 652 248 so-ea.
676 198 823 259 see-vo.
998 193 1061 258 221

74 336 274 403 cedaemoniis
300 337 335 402 in
360 335 512 402 Herculis
538 334 617 402 fano
645 357 737 402 arma
765 340 954 420 sonuerunt,
982 337 1063 402 eius·

74 425 195 510 demque
223 425 274 489 dei
296 423 416 490 Thebis
442 425 558 490 valvae
585 424 713 490 clausae
741 424 850 490 subito
876 447 911 490 sc
934 447 1064 510 aperue-

72 517 149 595 runt,
180 533 283 597 eaque
313 515 418 596 scuta,
449 534 532 597 quae
557 511 688 578 inerant
714 513 852 578 sublime
878 513 955 596 fixa,
987 516 1063 578 sunt

72 600 150 666 humi
179 601 322 666 inventa.
365 599 493 666 Horum
519 622 592 666 cum
618 601 689 666 fieri
714 600 797 666 nihil
824 602 967 685 potuerit
994 601 1063 666 sine

53 689 169 773 reliquo
196 693 303 773 motu,
331 687 495 774 quidest,
519 709 575 754 cur
598 688 751 754 divinitus
774 688 943 773 capotius
967 710 1117 803 quum„2

71 798 137 842 casu
166 776 257 842 facta
288 797 359 842 esse
391 775 556 842 dicamus?
604 776 650 841 At
681 777 716 842 in
745 776 905 860 Lysandri
936 780 1063 842 statuae
1075 782 1116 866 ‘53

13 883 14 906 ³
71 865 163 950 capite
177 865 316 952 Delphis
339 864 449 930 extitit
467 885 586 930 corona
603 885 642 928 ex
660 865 784 948 asperis
802 864 921 947 herbis,
945 868 978 928 et
996 865 1064 948 qui-

71 953 132 1017 dem
154 953 273 1019 subita.
318 951 434 1018 Itane?
461 973 571 1018 censes
595 956 670 1018 ante
693 973 848 1018 coronam
870 952 990 1017 herbae
1013 974 1064 1016 ex-

71 1040 179 1124 titisse,
208 1063 307 1126 quarn
334 1044 525 1125 conceptum
548 1061 618 1106 esse
641 1040 771 1105 semen?
798 1039 934 1104 herbam
957 1042 1065 1104 autem

42 1146 209 1214 uesperam
242 1128 337 1196 credo
369 1128 479 1194 avium
510 1131 680 1214 congestu,
711 1149 777 1193 non
803 1128 946 1192 humano
977 1131 1064 1210 satu3

70 1216 136 1301 ian,
163 1217 317 1302 quioquid
339 1217 374 1282 in
396 1216 502 1302 capite
525 1219 589 1300 est,
616 1215 650 1280 id
672 1237 809 1282 coronae
833 1215 939 1281 simile
961 1214 1065 1280 videri

69 1309 175 1388 potest.
212 1303 301 1370 Nam
323 1305 408 1388 quod
432 1305 544 1370 eodem
566 1308 712 1389 tempore
736 1303 850 1368 stellas
873 1326 987 1370 aureas
1006 1303 1065 1368 Ca-

70 1394 156 1458 storis
179 1397 216 1459 et
232 1391 375 1458 Pollucis
393 1391 532 1476 Delphis
554 1392 678 1476 positas
700 1391 864 1477 decidisse,
886 1414 990 1477 neque
1009 1413 1063 1456 eas

70 1503 196 1567 usquam
220 1485 365 1565 repertas
389 1502 460 1545 esse
483 1480 601 1564 dixisti,
625 1479 734 1544 furum
756 1479 790 1544 id
813 1480 918 1565 magis
941 1480 1064 1545 factum
1098 1513 1102 1526 ·

43 1585 60 1624 1⁵
70 1590 156 1652 quam
179 1569 315 1635 deorum
332 1568 467 1634 videtur.
504 1565 623 1632 Simiae
640 1589 718 1632 vero
734 1566 929 1632 Dodonaeae
945 1568 1064 1651 impro-
1084 1581 1117 1630 69

14 1687 15 1721 ;
69 1657 196 1723 bitatem
216 1656 362 1722 historiis
377 1655 509 1722 Graecis
523 1655 710 1720 mandatam
725 1675 794 1718 esse
809 1655 956 1719 demiror.
982 1653 1065 1730 Quid

14 1747 15 1788 ³
70 1746 164 1812 ninus
187 1746 309 1812 mirum
332 1767 429 1828 quarn
451 1745 544 1810 illam
566 1742 908 1808 monstruosissumam
926 1743 1065 1808 bestiam

70 1854 173 1900 urnam
203 1832 372 1916 evertisse,
399 1835 504 1898 sortes
533 1829 771 1916 dissupavisse?
808 1829 853 1896 Et
874 1833 997 1914 negant
1019 1829 1066 1894 hi-

70 1921 172 1988 storici
189 1919 453 1986 Lacedaemoniis
476 1919 581 1984 ullum
604 1922 768 1984 ostentum
788 1917 850 1984 boo
869 1917 996 1982 tristius
1016 1938 1065 1982 ao-

42 2008 189 2075 wcidisse!
227 2007 314 2073 Nam
339 2007 397 2072 illa
423 2006 589 2092 praedicta
610 2005 808 2088 Veientium,
838 2006 868 2070 si
893 2005 982 2070 lacus
1010 2005 1066 2070 Al·

70 2095 163 2162 banus
196 2096 409 2162 redundasset
439 2094 532 2178 isque
562 2095 597 2159 in
623 2116 712 2161 mare
739 2093 897 2179 fluxisset,
928 2093 1067 2160 Romam

70 2185 316 2268 perituram311
346 2204 512 2271 repressus
545 2185 643 2267 esset,
674 2181 773 2248 Veios
793 2234 799 2248 .
819 2233 827 2247 .
846 2233 880 2248 ..
907 2183 956 2248 ita
983 2205 1068 2267 aqua

70 2272 193 2340 Albana
217 2271 354 2338 deducta
375 2271 417 2337 ad
438 2271 617 2336 utilitatem
639 2271 712 2356 agri
735 2271 920 2354 suburbani,
942 2293 1009 2336 non
1027 2271 1068 2334 ad

71 2381 167 2427 arcem
197 2359 375 2444 urbemque
402 2359 612 2424 retinendam.
656 2358 703 2422 At
729 2361 828 2443 paulo
858 2362 934 2442 post
957 2358 1068 2422 audita

42 2461 126 2514 ²⁵vox
147 2453 200 2515 est
222 2448 397 2532 monentis,
423 2450 462 2512 ut
483 2446 703 2531 providerent,
729 2468 770 2511 ne
792 2470 813 2512 a
835 2445 940 2510 Gallis
962 2445 1068 2510 Roma

12 2599 13 2606 ,
71 2541 247 2622 caperetur3
270 2558 309 2600 ex
332 2558 369 2602 eo
387 2534 451 2600 Aio
469 2533 629 2619 Loquenti
652 2555 743 2598 aram
765 2533 800 2597 in
820 2553 906 2598 nova
924 2532 977 2596 via
995 2555 1067 2598 con-

12 2685 13 2692 .
72 2630 234 2691 secretam.
279 2622 364 2699 Quid
386 2623 487 2708 ergo?
524 2622 606 2687 Aius
627 2621 691 2685 iste
713 2620 876 2704 Loquens,
899 2641 972 2684 oum
994 2641 1068 2685 eum

12 2719 13 2796 ξ
72 2731 158 2778 nemo
187 2715 298 2796 norat,
325 2713 358 2776 et
386 2710 495 2776 aiebat
513 2717 546 2771 et
561 2709 756 2792 loquebatur
777 2713 805 2772 et
827 2729 866 2774 cx
889 2728 926 2772 eo
949 2728 1068 2773 nomen

11 2801 13 2820 ⁴
73 2798 204 2884 invenit3
229 2803 443 2885 posteaquam
471 2800 504 2862 et
529 2796 636 2862 sedem
659 2800 692 2861 et
714 2817 804 2860 aram
827 2798 860 2860 et
882 2817 1001 2860 nomen
1022 2795 1068 2860 in·

11 2919 13 2960 v
43 2890 167 2974 ³⁰venit,
196 2886 380 2953 obmutuit?
417 2884 510 2960 Quod
535 2885 621 2950 idem
648 2883 710 2949 dici
733 2883 771 2948 de
792 2883 925 2949 Moneta
946 2888 1070 2969 potest3

11 2969 14 3084 l
73 2996 90 3038 a
110 2997 172 3060 qua
193 2979 421 3060 praeterquam
439 2973 478 3038 de
496 2993 553 3037 sue
570 2973 668 3059 plena
686 2971 763 3058 quid
781 2993 936 3058 umquam
954 2972 1071 3038 moniti

73 3064 198 3128 sumus?

132 3150 220 3217 Satis
243 3151 347 3216 multa
370 3149 409 3214 dc
432 3149 584 3232 ostentis3
607 3148 750 3232 auspicia
768 3150 896 3214 restant
914 3151 947 3211 et
966 3151 1070 3213 sortes
1081 3108 1123 3234 373

11 3303 12 3308 ,
73 3258 132 3324 eae,
155 3259 238 3325 quae
260 3238 428 3321 ducuntur,
450 3258 516 3302 non
538 3237 624 3320 illae,
647 3258 728 3320 quae
750 3235 982 3302 vaticinatione
1000 3233 1071 3298 fun-

11 3331 12 3334 ’
43 3325 200 3412 odmen,
230 3347 313 3410 quae
339 3326 448 3391 oracla
474 3324 582 3390 verius
609 3324 758 3407 dicimus3
789 3323 828 3389 de
856 3322 972 3406 quibus
998 3325 1070 3386 tum

11 3433 13 3480 1
74 3412 223 3498 dicemus,
254 3435 327 3479 eum
355 3413 395 3478 ad
421 3412 603 3478 naturalem
626 3411 857 3478 divinationem
879 3409 1070 3475 venerimus.

11 3571 12 3584 ,
73 3498 183 3569 Restat
210 3502 310 3568 etiam
337 3501 376 3567 de
399 3499 584 3585 Chaldaeis3
611 3500 667 3566 sed
693 3499 834 3585 primum
861 3497 1004 3581 auspicia
1026 3497 1071 3564 ri·

1211 3445 1214 3528 l
