2478 3936
289 207 355 262 LIB.
374 207 409 264 ΙΙ,
430 207 504 264 cAP.
525 213 638 264 so-or.
657 213 673 275 s
692 214 839 264 147—153.
1003 209 1064 273 101

71 353 106 416 ad
120 353 251 418 inventa
269 351 385 437 animo,
405 355 559 438 percepta
577 353 724 417 sensibus
744 352 898 418 adhibitis
914 352 1065 437 opificum

70 441 207 506 manibus
232 441 340 506 omnia
361 462 421 506 nos
444 445 641 524 consecutos,
664 445 701 505 ut
720 441 807 527 tecti,
829 444 866 506 ut
884 441 1005 525 vestiti,
1028 445 1065 507 ut

70 529 142 593 salvi
163 551 235 594 esse
257 550 440 614 possemus,
462 530 568 612 urbes,
592 550 710 613 muros,
734 529 907 613 domicilia,
929 529 1065 595 delubra

68 616 259 681 haberemus.
295 616 366 682 Iam
389 638 466 682 vero
490 617 640 701 operibus
662 617 840 703 hominum,
862 619 965 683 idest
985 632 1116 683 mar-151

50 706 164 790 onibus,
194 705 261 770 cibi
291 706 390 770 etiarn
418 705 560 770 varietas
587 705 750 770 invenitur
777 711 810 771 et
833 707 933 792 copia.
979 705 1065 771 Nam

68 798 95 857 et
118 794 190 880 agri
220 794 325 858 multa
353 794 489 858 efferunt
511 815 610 859 manu
632 794 793 878 quaesita,
821 816 903 879 quae
925 795 978 860 vel
1002 799 1066 859 sta·

67 881 118 946 lim
144 885 379 947 consumantur
401 883 453 947 vel
476 882 669 947 mandentur
692 883 822 947 condita
843 883 1010 965 vetustati,
1033 887 1066 947 et

66 975 228 1055 praeterea
254 971 413 1035 vescimur
440 970 554 1035 bestiis
583 974 616 1035 et
642 971 779 1035 terrenis
807 974 840 1034 et
869 971 1066 1054 aquatilibus

67 1064 94 1122 et
112 1059 302 1124 volantibus
325 1058 447 1144 partim
470 1058 635 1144 capiendo,
657 1059 779 1144 partim
798 1058 922 1122 alendo
959 1057 1067 1123 Effici-

39 1166 57 1204 1⁰
66 1169 128 1211 mus
151 1148 255 1212 etiam
275 1147 399 1211 domitu
416 1149 529 1211 nostro
549 1147 782 1231 quadripedum
798 1145 972 1231 vectiones,
992 1168 1067 1230 quo·

67 1257 128 1300 mm
153 1235 309 1302 celeritas
334 1239 431 1318 atque
453 1235 502 1299 vis
525 1235 619 1300 nobis
642 1235 722 1320 ipsis
747 1235 852 1300 adfert
875 1235 941 1299 vim
965 1239 998 1299 et
1020 1257 1067 1300 ce-

67 1324 234 1389 leritatem.
284 1321 353 1388 Nos
386 1343 485 1388 onera
518 1323 709 1406 quibusdam
740 1323 866 1406 bestiis,
898 1345 958 1388 nos
990 1323 1068 1408 iuga

67 1411 256 1497 inponimus,
274 1433 334 1476 nos
354 1412 598 1495 elephantorum
614 1411 817 1476 acutissumis
834 1412 990 1495 sensibus,
1007 1433 1067 1476 nos

67 1502 242 1585 sagacitate
278 1521 393 1564 canum
430 1499 471 1565 ad
506 1499 685 1564 utilitatem
716 1504 863 1564 nostram
896 1500 1068 1582 abutimur,

40 1605 57 1645 15
66 1611 118 1654 nos
141 1612 158 1654 e
182 1593 293 1653 terrae
316 1588 460 1652 cavernis
482 1587 605 1652 sermm
629 1587 788 1671 eligimus,
811 1608 880 1650 rem
902 1587 944 1650 ad
966 1587 1070 1651 colen·

67 1677 116 1742 dos
138 1699 241 1764 agros
265 1676 492 1759 neeessariam,
515 1697 575 1740 nos
599 1674 692 1757 aeris,
717 1674 853 1758 argenti,
876 1674 947 1738 auri
970 1695 1068 1738 venas

11 1833 12 1846 ,
65 1765 187 1849 penitus
225 1764 352 1829 abditas
383 1764 565 1829 invenimus
596 1766 628 1827 et
657 1761 698 1826 ad
723 1782 818 1825 usum
846 1764 940 1846 aptas
969 1763 1001 1826 et
1028 1761 1070 1824 ad

66 1859 213 1918 ornatum
232 1854 374 1936 decoras,
397 1853 549 1916 arborum
568 1855 678 1916 autern
696 1850 899 1914 consertione
918 1849 1070 1931 omnique

66 1943 198 2007 materia
228 1945 260 2005 et
288 1941 375 2005 culta
402 1943 435 2004 et
462 1939 606 2004 silvestri
632 1938 755 2024 partim
782 1937 823 2002 ad
846 1937 1070 2003 calficiendum

39 2043 177 2114 ²⁰corpus
202 2028 275 2115 igni
298 2028 444 2093 adhibito
466 2031 499 2092 et
518 2027 558 2092 ad
577 2027 795 2112 mitigandum
813 2026 921 2091 eibum
939 2026 1069 2108 utimur,

66 2121 181 2201 partim
212 2118 254 2182 ad
281 2117 526 2199 aedificandum,
558 2119 595 2180 ut
622 2115 717 2180 tectis
746 2115 852 2198 saepti
873 2113 998 2200 frigora
1021 2135 1070 2178 ca·

66 2205 214 2292 lotosque
236 2206 406 2290 pellamus.
450 2203 588 2290 Magnos
611 2225 687 2268 vero
710 2225 787 2267 usus
811 2203 915 2267 adfert
939 2203 981 2267 ad
1002 2224 1057 2266 na·
1073 2212 1123 2263 152

66 2295 149 2380 rigia
170 2293 331 2376 facienda,
357 2313 494 2377 quorum
517 2292 663 2357 cursibus
688 2291 936 2376 subpeditantur
959 2311 1071 2354 omnes

66 2383 204 2467 undique
232 2381 273 2445 ad
300 2381 402 2446 vitam
426 2380 550 2465 copiae3
578 2401 720 2464 quasque
743 2401 795 2443 res
818 2377 1071 2443 violentissimas

39 2484 57 2524 ²⁵
67 2474 180 2536 natura
201 2469 323 2556 genuit,
346 2491 457 2533 earum
475 2467 729 2533 moderationem
747 2487 807 2530 nos
826 2465 888 2529 soli
906 2465 1073 2548 habemus,

68 2559 162 2623 maris
202 2562 301 2642 atque
336 2560 524 2639 ventorum,
561 2559 694 2641 propter
729 2553 934 2618 nauticarum
964 2573 1073 2615 rerum

70 2647 235 2711 scientiam
262 2645 475 2730 plurimisque
498 2643 672 2709 maritimis
695 2642 792 2706 rebus
815 2641 953 2704 fruimur
976 2643 1073 2722 atque

69 2735 196 2799 utimur.
233 2733 447 2798 Terrenorum
470 2732 549 2796 item
572 2730 814 2796 commodorum
838 2727 943 2792 omnis
968 2727 1074 2792 estin

69 2821 197 2888 homine
226 2821 418 2886 dominatus.
463 2818 533 2884 Nos
561 2819 698 2905 campis,
727 2839 787 2882 nos
810 2816 975 2880 montibus
998 2816 1075 2882 frui·

40 2921 146 2994 wmur,
169 2911 276 2974 nostri
300 2913 376 2974 sunt
399 2930 518 2992 amnes,
541 2909 647 2972 nostri
669 2908 768 2988 lacus,
790 2927 850 2970 nos
868 2905 979 2990 fruges
999 2905 1075 2970 seri-

70 3019 152 3082 mus,
182 3020 243 3062 nos
271 2999 417 3082 arbores,
443 3018 504 3061 nos
532 3017 689 3079 aquarum
715 2994 955 3059 inductionibus
978 2993 1075 3057 terris

71 3083 299 3151 fecunditatem
323 3086 449 3170 damus,
471 3105 531 3150 nos
554 3083 687 3148 flumina
710 3104 868 3166 arcemus,
892 3080 1077 3164 derigimus,

72 3174 260 3257 avertimus,
286 3175 409 3238 nostris
437 3173 573 3256 denique
600 3171 749 3236 manibus
771 3171 807 3234 in
828 3191 938 3234 rerum
959 3171 1077 3230 natura

73 3263 164 3345 quasi
186 3264 324 3327 alteram
345 3265 497 3327 naturam
520 3260 646 3324 efficere
669 3281 831 3324 conamur.
1087 3309 1128 3373 61

43 3359 63 3402 ³⁵
136 3349 220 3426 Quid
243 3351 342 3416 vero‘?
369 3349 538 3415 hominum
561 3348 645 3412 ratio
670 3367 737 3411 non
758 3347 792 3409 in
815 3342 940 3408 caelum
962 3359 1130 3434 usque153
1227 3397 1228 3407 ,

74 3439 275 3520 penetravit?
321 3437 390 3503 Soli
419 3437 505 3502 euim
527 3458 566 3501 ex
589 3434 811 3502 animantibus
831 3451 891 3494 nos
915 3429 1078 3491 astrorum

75 3530 171 3610 ortus,
194 3527 303 3592 obitus
327 3546 504 3611 cursusque
527 3522 747 3610 cognovimus,
770 3519 812 3583 ab
834 3514 1003 3581 hominum
1027 3533 1079 3597 ge-
