2510 3936
314 156 383 213 MR.
401 156 450 213 111.
470 157 546 214 cer.
569 163 610 228 re,
629 163 671 214 ao.
692 163 708 224 e
726 163 838 214 43-49.
1016 159 1082 223 449

74 304 206 391 publica
229 324 357 389 semper
379 303 530 368 volumus
549 323 627 367 esse.
665 302 763 387 Apud
781 301 920 387 eosdem,
943 303 998 387 qui
1017 325 1082 368 ma

76 393 218 479 gistratu
232 391 380 475 abierint,
399 391 496 456 edant
510 394 543 456 et
557 394 728 476 exponant,
747 391 823 475 quid
837 391 872 457 in
885 391 1083 477 magistratu

76 481 249 568 gesserint,
282 481 384 564 deque
415 479 456 544 iis
489 499 637 545 censores
668 477 898 565 praeiudicant.
945 479 1017 546 Hoc
1048 480 1083 544 in

76 569 212 636 Graecia
234 569 273 634 fir
294 567 423 654 publice
446 567 633 635 constitutis
656 568 912 652 accusatoribus,
936 568 991 652 qui
1014 567 1082 652 qui-

48 658 149 724 edam
179 678 295 744 graves
326 677 397 722 esse
424 677 491 721 non
519 660 671 742 possunt,
702 656 766 721 nisi
794 660 871 720 sunt
897 656 1082 722 voluntarii.

75 745 232 823 Quocirca
263 744 379 812 melius
410 745 553 811 rationes
585 744 712 829 referri,
743 765 938 828 causamque
965 744 1083 830 exponi

75 835 273 936 censoribus,
294 834 458 920 integram
476 836 588 899 tamen
604 833 680 919 legi,
704 833 884 900 accusatori
902 832 1083 924 iudicioque

76 944 208 989 servan.
1011 957 1013 960 -

142 1008 205 1076 Sed
237 1011 317 1077 satis
348 1011 416 1076 iam
448 1009 649 1095 disputatum
680 1013 731 1074 est
759 1008 797 1075 de
825 1009 1083 1096 magistratibus,

35 1120 62 1160 ιο
74 1099 139 1164 nisi
165 1099 251 1164 forte
278 1099 355 1184 quid
383 1098 582 1164 desideratis.
627 1099 703 1164 Arr.
727 1096 832 1173 Quid?
861 1098 889 1162 si
915 1119 976 1162 nos
998 1100 1083 1162 tace·

75 1209 162 1270 mue,
184 1188 274 1253 locus
296 1188 367 1272 ipse
389 1191 423 1252 te
444 1208 512 1251 non
535 1186 696 1269 admonet,
720 1187 796 1270 quid
818 1186 881 1251 tibi
903 1186 948 1250 eit
970 1184 1083 1250 deinde

76 1275 267 1341 dicendum?
298 1277 346 1342 Μ.
365 1274 510 1342 Mihine?
534 1274 574 1339 de
591 1274 717 1340 iudiciis
737 1274 887 1360 arbitror,
910 1271 1084 1357 Pomponi3

74 1364 108 1429 id
140 1367 190 1428 est
218 1363 305 1428 enim
331 1364 478 1429 iunctum
504 1362 762 1448 magistratibus.
807 1365 883 1429 Am.
911 1362 1016 1439 Quid?
1044 1361 1083 1426 de
1101 1375 1136 1425 48

74 1453 145 1516 iure
169 1451 282 1536 populi
305 1449 458 1534 Romani,
488 1472 584 1535 quem
607 1451 803 1516 admodum
825 1451 1011 1534 instituisti,
1039 1449 1084 1514 di·

34 1538 213 1605 iacendum
239 1538 323 1604 nihil
349 1539 469 1625 putas?
505 1540 553 1603 M.
576 1537 660 1614 Quid
687 1539 818 1604 tandem
845 1539 907 1604 hoc
934 1540 1006 1603 loco
1034 1541 1084 1602 est

76 1627 163 1712 quod
192 1629 361 1712 requiras?
401 1628 478 1694 Arr.
505 1627 642 1713 Egone?
673 1627 757 1711 quod
787 1627 933 1712 ignorari
963 1626 1004 1691 ab
1033 1625 1084 1709 iis,

75 1716 133 1800 qui
155 1716 190 1780 in
212 1737 247 1780 re
269 1716 402 1802 publica
424 1721 604 1799 versantur,
626 1715 851 1800 turpissimum
874 1719 964 1798 puto.
997 1711 1083 1778 Nam

74 1807 113 1870 ut
140 1804 235 1870 modo
264 1827 284 1870 a
310 1809 344 1870 te
371 1805 494 1870 dictum
521 1807 571 1869 est
598 1805 688 1888 leges
716 1827 736 1868 a
762 1803 905 1868 librariis
928 1801 1013 1888 peti,
1038 1800 1084 1866 sic

75 1892 299 1958 animadverto
331 1894 503 1979 plerosque
536 1893 572 1958 in
603 1891 857 1978 magistratibus·
878 1889 1084 1976 ignoratione

34 2001 60 2042 ao
75 1980 156 2045 iuris
183 1981 235 2048 sui
256 1985 385 2048 tantum
408 2003 536 2067 sapere,
565 1984 722 2065 quantum
746 1980 948 2065 apparitores
972 1977 1083 2042 velint.

75 2068 181 2144 Quam
208 2069 251 2134 ob
279 2091 362 2152 rem,
390 2069 418 2132 ri
445 2071 484 2134 de
508 2091 672 2134 sacrorum
697 2068 892 2135 alienatione
915 2065 1083 2132 dicendum

74 2156 211 2243 putasti,
229 2156 383 2239 quoniam
397 2156 437 2220 de
451 2157 608 2240 religione
622 2158 712 2244 leges
727 2149 953 2243 proposueras,
966 2154 1084 2220 facien·

75 2245 154 2309 dum
185 2243 248 2309 tibi
279 2247 343 2328 est,
375 2247 413 2309 ut
443 2245 691 2328 magistratibus
723 2246 796 2331 lege
828 2243 1015 2312 constitutis
1045 2241 1084 2307 de

74 2335 279 2418 potestatum
301 2333 371 2398 iure
389 2331 543 2416 disputes.
574 2332 623 2397 Μ.
640 2331 772 2397 Faciam
790 2333 942 2415 breviter,
965 2331 994 2397 si
1012 2351 1084 2397 con·
1102 2344 1136 2392 49

33 2443 60 2484 ²⁵
75 2420 170 2574 tut
190 2419 738 2592 nituistuttuttt
751 2419 1086 2593 {atterit

77 2597 266 2682 diligentem
296 2620 356 2664 nos
389 2602 498 2664 autem
530 2597 569 2661 de
596 2596 665 2660 iure
692 2599 828 2661 naturae
855 2595 1000 2681 cogitare
1026 2610 1085 2680 per

75 2705 137 2752 nos
157 2689 253 2768 atque
272 2683 376 2750 dicere
395 2686 558 2771 debemus,
576 2685 615 2748 de
633 2685 702 2749 iure
720 2684 832 2768 populi
845 2672 1085 2767 Romaniiquae

76 2773 193 2839 relicta
220 2776 296 2838 eunt
323 2777 357 2838 et
383 2773 514 2839 tradita.
558 2773 634 2840 ΑΝ.
658 2769 711 2836 Sic
737 2791 887 2857 prorsum
915 2789 1028 2835 censeo
1052 2773 1085 2834 et

33 2885 61 2925 ec
76 2862 112 2927 id
134 2861 250 2948 ipsum,
273 2860 359 2946 quod
382 2861 470 2946 dicis,
494 2865 636 2946 expecto.

419 3107 742 3223 rurcuuu'uu

334 3269 545 3332 LIBRORUM
567 3271 621 3330 DE
645 3269 827 3331 LEGIBUS.

149 3392 176 3454 1.
198 3390 340 3456 Lactcut.
361 3392 433 3456 inst.
451 3391 511 3456 diu
525 3389 592 3455 III
601 3394 688 3457 19.2
709 3391 757 3454 At
772 3388 831 3467 illi,
853 3389 908 3470 qui
924 3388 961 3454 de
977 3388 1085 3454 mortis

78 3478 157 3543 bono
174 3479 341 3560 disputant,
358 3480 402 3546 sic
419 3483 691 3564 argumentantur:
711 3477 760 3544 ‘sa‘
777 3477 857 3543 uitii
870 3481 993 3560 estpost
1005 3497 1084 3543 mor·

133 3587 275 3634 merua
838 3587 871 3636 so
