2478 3936
161 163 204 226 36
470 159 519 214 DE
537 160 690 216 NATURA
707 159 860 214 DEORUM

159 307 240 371 item
258 304 424 390 corporis?
457 302 523 370 Cur
540 304 650 391 igitur,
669 325 743 369 cum
757 303 871 372 ceteris
885 304 982 369 rebus
995 302 1174 369 inferiores

161 395 277 477 simus,
307 392 414 458 forma
444 414 539 477 pares
570 393 702 458 sumus?
739 393 781 458 ad
807 391 1053 458 similitudinem
1080 392 1176 457 enim

161 483 295 548 deorum
312 481 445 566 propius
465 481 637 546 accedebat
654 481 797 546 humana
815 481 919 547 virtus
938 502 1037 565 quam
1051 479 1176 565 figura.

108 534 151 660 dd)
161 570 215 636 An
237 571 410 654 quicquam
431 573 501 634 tam
522 570 646 653 puerile
669 569 732 634 dici
753 572 864 654 potest
888 565 940 654 (ut
963 567 1101 633 eundem
1125 569 1177 634 lo·

160 680 234 726 cum
266 658 387 723 diutius
416 678 580 742 urgeam,
612 679 710 740 quam
733 657 762 722 si
784 679 823 722 ea
845 677 964 742 genera
988 657 1177 740 beluarum,
1205 678 1218 718 a

162 768 244 831 quae
266 746 301 811 in
322 746 422 811 rubro
445 745 528 810 mari
591 745 682 810 diave
706 745 893 831 gignantur,
914 745 1007 810 nulla
1029 766 1101 811 esse
1127 745 1178 810 di-

161 835 293 900 camus?
339 832 442 917 Atqui
472 855 513 899 nc
545 833 756 899 curiosissimi
786 834 916 918 quidem
941 833 1091 898 homines
1121 855 1179 898 ex-

162 923 318 1009 quirendo
337 923 446 987 audire
465 925 535 986 tam
552 923 657 986 multa
674 924 820 1006 possunt,
844 943 941 1006 quam
960 925 1036 986 sunt
1055 922 1178 1007 multa,

162 1033 244 1096 quae
261 1015 358 1093 terra,
377 1010 468 1095 mari,
486 1009 669 1096 paludibus,
687 1009 874 1075 fluminibus
893 1009 1068 1094 exsistunt;
1088 1032 1178 1094 quae

161 1121 316 1185 negemus
350 1120 433 1182 esse,
464 1098 541 1182 quia
571 1119 747 1181 numquam
779 1097 941 1163 vidimus?
986 1095 1064 1182 Ipsa
1094 1121 1177 1165 vero
1192 1120 1217 1160 ιο

163 1209 261 1271 quam
277 1185 360 1250 nihil
378 1185 419 1251 ad
437 1208 506 1250 rem
524 1187 674 1271 pertinet,
693 1208 775 1270 quae
792 1207 852 1251 vos
866 1186 1005 1251 delectat
1019 1187 1178 1272 maxime,

163 1274 354 1338 similitudo!
400 1271 505 1349 Quid?
537 1275 626 1340 canis
652 1295 760 1340 nonne
787 1274 903 1340 similis
931 1274 1032 1358 lupo?
1062 1279 1178 1360 atque,

161 1367 199 1427 ut
220 1361 356 1444 Eumne,

206 1483 324 1549 Simia
339 1506 448 1569 quam
463 1484 618 1570 similis,
632 1485 872 1570 turpissuma
886 1485 1027 1569 bestia,
1040 1487 1176 1552 nobis!

164 1631 199 1693 at
225 1649 332 1692 mores
359 1626 395 1690 in
419 1629 557 1710 utroque
584 1625 739 1712 dispares.
784 1626 969 1711 Elephanto
996 1627 1177 1694 beluarum
1192 1647 1217 1688 1⁵

111 1727 144 1778 98
162 1717 254 1783 nulla
276 1714 478 1800 prudentior,
500 1718 536 1779 at
557 1716 664 1800 figura
686 1736 767 1798 quae
790 1716 937 1780 vastior?
981 1715 1032 1780 De
1054 1716 1177 1782 bestiis

162 1806 294 1890 loquor,
318 1803 416 1886 quid?
439 1803 525 1867 inter
542 1802 631 1886 ipsos
649 1803 797 1868 homines
815 1825 922 1868 nonne
941 1807 974 1868 ct
993 1803 1177 1870 simillimis

162 1893 277 1959 formis
311 1889 454 1974 dispares
487 1911 593 1955 mores
626 1894 658 1955 et
690 1891 835 1956 moribus
867 1892 1037 1957 simillimis
1063 1893 1179 1978 figura

164 1979 352 2044 dissimilis?
387 1977 518 2048 Etenim
537 1979 566 2042 si
584 1978 691 2063 semel,
714 1977 830 2063 Vellei,
853 1979 1046 2064 suscipimus
1066 2002 1177 2065 genus

163 2069 226 2132 hoc
248 2065 444 2151 argumenti,
467 2067 606 2150 attende,
630 2088 694 2150 quo
717 2072 834 2153 serpat.
880 2067 930 2132 Tu
952 2067 1038 2132 enim
1062 2090 1175 2134 sume
1192 2089 1219 2129 aa

163 2156 223 2220 bas
245 2153 309 2217 nisi
330 2153 365 2217 in
386 2153 526 2218 hominis
549 2155 655 2240 figura
674 2155 834 2220 rationem
851 2155 956 2220 inesse
974 2177 1041 2220 non
1059 2179 1178 2242 posse3

164 2245 270 2306 sumet
293 2241 376 2306 alius
398 2240 463 2305 nisi
484 2241 519 2306 in
541 2242 698 2325 terrestri,
720 2243 786 2308 nisi
803 2243 837 2309 in
856 2266 902 2327 eo,
927 2244 982 2328 qui
999 2247 1098 2309 natus
1118 2247 1177 2330 sit,

163 2331 228 2394 nisi
244 2330 280 2394 in
297 2351 344 2414 eo,
367 2329 422 2413 qui
441 2330 628 2414 adoleverit,
649 2331 714 2395 nisi
731 2331 766 2395 in
784 2353 831 2415 eo,
855 2331 910 2415 qui
929 2331 1084 2416 didicerit,
1107 2335 1178 2399 nisi

164 2418 200 2483 in
222 2440 268 2502 eo,
291 2418 346 2502 qui
369 2438 408 2481 ex
430 2417 538 2483 animo
561 2422 687 2483 constet
711 2423 744 2484 et
767 2441 900 2505 corpore
924 2420 1043 2485 caduco
1067 2424 1102 2485 et
1124 2422 1177 2487 in-

164 2507 269 2591 firmo,
290 2509 455 2591 postremo
473 2506 538 2570 nisi
555 2506 590 2570 in
607 2507 738 2571 homine
757 2510 854 2590 atque
873 2508 1013 2573 mortali
1049 2507 1177 2585 Quodsi
1192 2529 1218 2570 2⁵

164 2594 201 2660 in
222 2594 371 2660 omuibus
389 2592 440 2657 his
459 2593 555 2658 rebus
575 2594 716 2679 obsistis
740 2595 816 2679 quid
836 2599 894 2679 est,
918 2596 1004 2680 quod
1017 2599 1050 2662 ta
1062 2595 1179 2665 forma

165 2704 230 2748 una
261 2681 452 2748 conturbet?
492 2680 554 2745 His
587 2683 684 2766 enim
702 2683 864 2767 omnibus,
896 2706 979 2768 quae
1005 2689 1177 2773 proposui,

166 2769 325 2834 adiunctis
342 2769 378 2833 in
395 2767 525 2833 homine
543 2770 703 2836 rationem
721 2792 791 2836 esse
810 2775 843 2836 et
861 2776 1002 2838 mentem
1023 2772 1178 2860 videbas3

167 2856 283 2939 quibus
315 2855 468 2922 detractis
500 2857 595 2922 deum
623 2861 734 2923 tamen
763 2881 859 2924 nosse
891 2864 924 2924 te
952 2861 1043 2944 dicis,
1074 2865 1177 2930 modo

166 2943 356 3007 liniamenta
387 2948 547 3009 maneant.
595 2945 667 3011 Hoc
698 2951 841 3012 estnon
867 2949 1083 3034 considerare,
1116 2954 1178 3017 sed
1192 2971 1219 3010 ³0

115 3030 261 3115 aequasi
283 3030 403 3113 sortiri,
425 3031 502 3114 quid
524 3034 666 3118 loquare.
701 3033 775 3099 Nisi
795 3034 881 3100 forte
903 3058 944 3100 nc
961 3037 1023 3102 hoc
1041 3039 1178 3122 quidem

167 3117 322 3199 attendis,
348 3139 415 3182 non
441 3119 536 3184 modo
559 3121 594 3184 in
615 3121 758 3207 homine,
788 3123 844 3188 sed
866 3124 966 3189 etiam
987 3125 1024 3188 in
1045 3127 1177 3214 arbore,

168 3204 319 3289 quicquid
355 3227 625 3291 supervacaneum
657 3209 701 3273 sit
732 3213 790 3277 aut
820 3232 914 3276 usum
945 3235 1011 3279 non
1041 3214 1178 3302 habeat,

168 3294 307 3359 obstare.
344 3292 447 3368 Quam
470 3295 643 3359 molestum
666 3301 716 3362 est
737 3320 801 3363 uno
823 3299 926 3385 digito
944 3301 1018 3386 plus
1035 3301 1177 3370 habere!

169 3379 252 3457 Quid
283 3381 352 3445 ita?
397 3380 480 3456 Quia
510 3402 569 3446 nec
598 3385 702 3468 specie
728 3407 788 3450 nec
813 3409 875 3451 usu
902 3389 1002 3454 alium
1028 3390 1176 3476 quinque
1191 3412 1219 3452 ³⁵

170 3468 360 3534 desiderant.
405 3467 492 3532 'I'uus
521 3471 629 3536 autem
655 3471 732 3538 deus
754 3496 820 3539 non
843 3475 947 3561 digito
970 3499 1033 3542 uno
1056 3479 1177 3546 redun-
