2478 3936
291 157 411 215 1213.st
431 157 506 214 ΟΔΡ.
526 165 639 216 54-56.
658 165 674 225 ἓ
694 165 840 215 rac-141.
1025 161 1069 226 97

77 301 257 367 diffunditur
283 305 317 367 et
344 303 476 388 spiritus
503 325 562 390 per
585 303 729 370 arterias.
774 301 939 388 Utraeque
962 308 1072 371 autem

76 391 196 456 crebrae
220 391 405 474 multaeque
428 394 500 458 toto
518 413 651 476 corpore
668 391 811 457 intextae
828 392 895 458 rim
908 393 1071 477 quandam

74 478 288 544 incredibilem
301 479 467 546 artificiosi
480 479 587 564 operis
601 480 764 566 divinique
777 484 948 546 testantur.
974 480 1058 557 Quid
1072 493 1123 544 139

74 566 169 632 dicam
200 567 241 632 de
274 567 423 634 ossibus?
455 589 537 652 quae
570 568 715 634 subiecta
746 568 873 653 corpori
904 570 1070 638 mirabiles

54 655 296 721 ⁵eommis'suras
326 656 450 722 habent
479 660 512 720 et
538 657 580 721 ad
607 656 821 724 stabilitatem
847 660 943 742 optas
969 662 1003 723 ct
1029 659 1071 724 ad

71 747 153 808 artus
186 742 347 810 finiendos
380 744 641 812 adcommodatas
673 748 706 812 et
736 745 777 812 ad
807 749 933 816 motum
962 750 999 812 ct
1030 747 1075 820 ad¹

71 852 191 898 omnem
211 831 358 917 corporis
378 833 559 900 actionem'
583 832 656 900 Huc
674 833 755 898 adde
772 855 900 918 nervos,
918 835 1068 919 aquibus

72 922 153 984 artus
166 920 387 1003 continentur,
401 943 575 1005 eorumque
589 921 834 1006 inplicationem
848 944 983 1006 corpore
997 927 1069 988 toto

70 1008 293 1092 pertinentem,
316 1009 371 1093 qui
393 1009 477 1074 sicut
495 1031 594 1078 venae
613 1013 646 1074 et
665 1009 803 1076 arteriae
822 1032 842 1082 a
860 1010 954 1075 corde
972 1011 1070 1075 tracti

41 1098 98 1159 ¹⁰et
117 1096 260 1181 profecti
280 1097 315 1162 in
336 1119 453 1183 corpus
477 1120 571 1162 omne
594 1099 759 1166 ducrmtur.
804 1095 857 1166 Ad
879 1098 963 1165 hanc
985 1121 1057 1183 pro

70 1183 243 1256 ridentiam
275 1189 411 1250 naturae
443 1189 512 1250 tam
535 1186 722 1269 diligentem
748 1190 880 1270 tamquo
903 1188 1070 1252 sollertem

70 1271 194 1359 adiungi
218 1273 325 1338 multa
346 1277 492 1358 possunt,
515 1297 532 1338 e
554 1275 671 1358 quibus
689 1275 907 1361 intellegatur,
930 1281 1070 1360 quantae

70 1381 113 1424 res
133 1361 325 1426 hominibus
350 1363 383 1442 [a
405 1362 467 1442 dis]
491 1384 651 1447 quamque
675 1363 810 1428 eximiae
833 1365 976 1429 tributae
995 1364 1070 1428 sint.

70 1446 149 1524 Quae
178 1451 326 1535 primum
356 1471 410 1515 eos
439 1450 538 1514 humo
568 1452 724 1516 excitatos
754 1451 857 1517 celsos
885 1455 918 1516 et
945 1456 1069 1517 erectos

41 1538 251 1622 beonstituit,
282 1541 320 1602 ut
347 1537 477 1605 deorum
507 1539 727 1624 cognitionem
754 1538 878 1604 caelum
906 1539 1070 1604 intuentes

70 1647 175 1710 capere
199 1629 346 1712 possent.
391 1625 473 1692 Sunt
496 1627 582 1692 enim
604 1649 643 1690 ex
665 1630 755 1690 terra
776 1626 923 1692 homines
945 1648 1011 1690 non
1034 1629 1071 1692 ut

69 1712 186 1779 incolae
218 1717 317 1798 atquc
344 1714 559 1798 habitatores,
592 1713 648 1778 sed
674 1714 768 1797 quasi
795 1716 993 1797 spectatores
1021 1735 1071 1778 su-

69 1824 217 1884 perarum
236 1824 345 1866 rerum
363 1806 461 1887 atque
479 1801 674 1883 caelestium,
697 1822 833 1884 quarum
852 1800 1071 1886 spectaculum

69 1889 104 1954 cd
128 1891 261 1956 nullum
289 1890 375 1956 aliud
398 1911 498 1975 genus
522 1888 735 1956 animantium
757 1889 905 1975 pertinet.
951 1887 1070 1954 Sensus

42 1981 172 2044 cautem
195 1979 393 2062 interpretes
416 2000 455 2044 ac
475 1979 582 2044 nuntii
600 2000 707 2042 rerum
725 1977 759 2042 in
778 1978 885 2062 capite
902 1981 1071 2062 tamquam

69 2065 97 2128 in
122 2089 197 2132 aree
227 2066 360 2132 mirifice
388 2067 429 2132 ad
455 2089 533 2132 usus
560 2065 756 2132 necessarios
784 2070 818 2130 et
839 2066 918 2132 facti
942 2071 974 2130 et
997 2089 1069 2131 con-

70 2153 160 2220 locati
184 2158 272 2220 sunt
307 2153 393 2220 Nam
417 2155 500 2221 oculi
522 2158 690 2239 tamquam
713 2155 931 2238 speculatores
951 2155 1070 2220 altissi-

70 2263 151 2308 mum
181 2244 292 2308 locum
322 2243 484 2327 obtinent,
515 2264 554 2307 ex
582 2265 644 2326 quo
672 2242 813 2327 plurima
834 2243 1070 2328 conspicientes

69 2329 243 2416 fungantur
261 2353 319 2397 suo
337 2351 484 2414 munere3
506 2334 538 2396 et
557 2351 659 2415 aures,
677 2353 749 2396 cum
768 2353 882 2396 sonum
896 2332 1060 2415 percipere
1072 2343 1121 2392 141

41 2419 214 2504 arebant,
237 2419 292 2504 qui
313 2423 432 2484 natura
455 2419 514 2500 [in]
539 2419 676 2486 sublime
698 2419 808 2501 fertur,
832 2421 918 2483 recte
940 2417 976 2482 in
994 2417 1070 2482 altis

70 2527 237 2592 corporum
259 2507 408 2592 partibus
432 2509 607 2573 collocatae
630 2510 718 2589 sunt,
746 2507 889 2590 itemque
910 2526 1005 2570 nares
1030 2509 1071 2589 et,

71 2596 150 2676 quod
174 2595 281 2662 omnis
306 2595 385 2660 odor
408 2595 448 2662 ad
471 2617 587 2680 supera
608 2594 721 2678 fertur,
743 2597 829 2658 recte
849 2614 976 2658 sursum
996 2597 1071 2658 sunt

71 2686 107 2765 et,
128 2684 218 2769 quod
240 2684 304 2750 cibi
327 2688 360 2748 et
377 2683 519 2769 potionis
537 2683 690 2748 iudicium
709 2703 864 2767 magnum
883 2702 993 2745 earum
1012 2685 1071 2766 est,

71 2790 131 2835 uon
162 2773 234 2838 sine
255 2793 362 2858 vcausa
390 2771 590 2838 vicinitatem
618 2771 683 2836 oris
711 2773 840 2836 secutae
868 2772 952 2834 sunt.
1001 2769 1072 2836 Iam

43 2863 232 2944 ”gustatus
256 2861 311 2944 qui
333 2858 452 2924 sentire
475 2882 599 2942 eorum,
623 2859 739 2943 quibus
763 2857 930 2939 vescimur,
954 2879 1072 2944 genera

72 2945 172 3033 debet,
192 2948 323 3013 habitat
344 2948 379 3012 in
402 2969 440 3012 ca
461 2951 555 3033 parte
578 2947 657 3028 oris,
681 2969 745 3031 qua
768 2945 938 3012 esculentis
962 2951 995 3012 et
1016 2970 1071 3033 po-

72 3036 202 3102 tuleritis
224 3037 287 3102 iter
308 3039 426 3102 natura
447 3036 609 3120 patefecit.
646 3034 765 3100 Tactus
789 3041 898 3102 autem
916 3038 986 3101 toto
1006 3057 1071 3100 cor-

72 3143 144 3204 pore
168 3124 382 3208 aequabiliter
402 3124 494 3190 fusus
517 3128 576 3207 est,
599 3127 635 3189 ut
658 3145 769 3190 omnes
792 3125 876 3192 ictus
896 3145 1070 3205 omnesque

74 3211 219 3278 minimos
242 3216 276 3277 et
297 3212 430 3300 frigoris
453 3216 486 3277 et
509 3211 626 3278 caloris
650 3213 803 3297 adpulsus
828 3210 947 3278 sentire
970 3209 1071 3294 possi-

45 3308 149 3364 turos.
193 3300 302 3385 Atque
332 3305 370 3365 ut
400 3301 436 3366 in
467 3301 620 3366 aedificiis
652 3301 818 3366 architecti
850 3299 999 3364 avertunt
1030 3296 1070 3360 ab

76 3389 169 3454 oculis
191 3390 386 3474 naribusque
410 3389 614 3456 dominorum
637 3411 682 3472 ea,
706 3409 788 3471 quae
806 3383 1001 3472 profluentia
1018 3404 1071 3447 ne

76 3478 207 3542 cessario
231 3478 329 3544 taetri
351 3481 459 3544 essent
482 3477 603 3563 aliquid
625 3477 787 3557 habitura,
810 3475 855 3538 sic
877 3475 997 3536 natura
1018 3491 1071 3536 res

124 3587 175 3631 cro.
189 3591 231 3632 1v.
246 3591 265 3630 a.
843 3580 857 3629 7

1073 1071 1122 1197 dt
