2478 3936
169 181 212 246 70
476 177 526 232 DE
543 175 695 232 NATURA
712 172 867 230 DEORUM

168 345 241 392 cum
264 344 302 388 eo
325 343 453 388 summa
474 319 665 387 coniunctio.
708 315 946 384 Effeminanmt
968 319 1080 381 autem
1099 337 1184 381 eum

168 410 347 496 luuouique
369 410 563 493 tribuerunt,
585 407 673 493 quod
693 407 776 472 nihil
800 411 852 471 est
873 427 911 472 eo
929 405 1072 470 mollius.
1113 402 1185 470 Sed

169 499 324 568 luuouem
348 521 368 566 a
390 498 529 565 iuvando
552 496 647 562 eredo
664 495 875 561 nominatam.
910 494 1007 577 Aqua
1025 493 1185 558 restabat

170 591 203 656 ot
219 591 317 672 terra,
335 589 372 654 ut
390 591 499 653 essent
517 608 555 651 ex
573 583 694 651 fabulis
711 583 776 648 tria
789 604 891 669 regna
904 582 1016 647 divisa.
1048 580 1185 646 Datum

170 679 220 744 rest
251 675 353 779 igitur
381 673 548 760 Neptuno,
582 672 677 738 alteri
705 671 808 755 Iovis,
841 674 879 735 ut
909 671 1038 752 uolunt,
1069 668 1184 754 fratri,
1211 668 1236 728 ⁵¹

171 763 368 834 ruarituuuur
395 786 492 830 omne
515 783 667 848 regnum,
695 780 876 844 nomenque
898 758 1109 843 productum,
1144 763 1185 822 ut
1235 779 1236 818 ς

172 851 332 922 Portunus
356 875 376 920 a
398 857 505 939 portu,
528 851 574 915 sie
591 847 763 934 Neptunus
786 869 806 912 a
827 847 934 912 nando
956 846 1096 931 paulum
1115 846 1185 932 pri-

171 941 233 1012 mis
269 939 389 1010 litteris
425 938 615 1006 immutatis.
668 936 810 1002 Terrena
843 939 951 1000 autem
983 933 1034 999 vis
1069 935 1183 1000 omnis

170 1033 268 1120 litque
294 1033 413 1098 natura
436 1027 508 1095 Diti
533 1025 621 1134 patri
648 1023 795 1090 dedicata
821 1027 885 1106 est,
913 1021 970 1108 qui
992 1021 1109 1107 Dives,
1146 1027 1185 1089 ut
1236 1098 1237 1118 Χ

170 1117 255 1208 aquid
283 1116 423 1186 (ireneus
451 1121 630 1196 Πλουτων,
663 1113 739 1198 quia
769 1115 803 1177 et
828 1111 975 1178 recidunt
1002 1111 1118 1177 omnia
1148 1112 1185 1176 in
1198 1125 1237 1190 u]

171 1211 274 1274 lorus
302 1207 336 1272 et
362 1204 512 1270 oriuntur
540 1223 558 1267 e
584 1202 691 1266 terris.
736 1198 797 1266 Cui
817 1205 948 1284 nuptam
969 1200 1077 1266 dunat
1097 1198 1184 1266 Pro
1236 1197 1237 1280 f

170 1293 346 1380 seruilium,
373 1290 459 1374 quod
481 1290 677 1355 Graecorum
704 1309 822 1355 nomen
850 1292 913 1372 est3
945 1309 983 1352 ea
1005 1287 1093 1352 enim
1120 1293 1184 1373 est,
1236 1287 1237 1310 ³

171 1401 253 1468 quun
285 1374 485 1462 Περσεφόνη
518 1376 639 1443 Graece
674 1377 876 1461 nominatur,
913 1398 1010 1459 quam
1041 1376 1183 1463 frugum

171 1487 279 1536 samen
312 1486 383 1531 esse
413 1466 529 1531 volunt
557 1465 843 1549 absconditamque
875 1464 987 1549 quaeri
1018 1487 1039 1529 a
1070 1469 1183 1530 matre
1236 1485 1237 1490 ¹

118 1557 306 1644 arnugum.
350 1552 457 1620 Mater
483 1557 592 1618 autem
614 1559 665 1619 est
688 1576 708 1619 a
731 1553 879 1640 gerendis
901 1551 1052 1639 frugibus
1077 1551 1182 1619 Ceres
1196 1543 1238 1612 15³

170 1650 336 1729 tamquam
366 1641 499 1726 ‘Getes’‚
530 1663 669 1725 casuque
700 1642 808 1726 prima
838 1641 949 1706 littera
975 1640 1089 1706 itidem
1118 1641 1183 1707 im·
1236 1655 1238 1669 ⁴

172 1737 306 1815 mutata,
328 1735 366 1797 ut
387 1754 409 1796 a
430 1730 576 1814 Graecis3
605 1752 682 1794 nam
705 1730 746 1794 ab
769 1730 837 1795 illis
860 1749 987 1814 quoque
1010 1725 1183 1814 Δημήτηρ
1237 1809 1238 1812 ¹

172 1821 263 1908 quasi
289 1815 443 1904 Γημήτηη
472 1819 643 1885 nominata
671 1823 729 1883 est.
774 1816 845 1883 Iam
875 1816 930 1902 qui
956 1837 1078 1904 magna
1106 1840 1183 1882 ver·
1237 1827 1238 1830 ’

172 1911 264 1992 teret,
288 1908 429 1990 Mavors,
450 1906 597 1972 Minerva
619 1909 737 1988 autem,
760 1927 841 1990 quae
864 1906 916 1971 vel
939 1905 1100 1971 minueret
1123 1907 1182 1972 vel

119 1989 160 2060 ll
173 1997 355 2064 minaretur.
403 1993 547 2078 Cumque
574 1995 608 2060 in
635 1994 785 2059 omnibus
808 1994 903 2060 rebus
926 1993 994 2059 vim
1014 1992 1219 2060 haberentur

173 2104 356 2152 maxumam
373 2083 479 2168 prima
498 2087 531 2148 et
549 2087 702 2166 extrema,
725 2083 902 2167 prinoipem
914 2081 950 2146 iu
963 2081 1181 2149 sacrificando

172 2173 286 2240 lanum
309 2191 379 2236 esse
401 2171 583 2254 voluerunt,
606 2170 691 2254 quod
715 2171 756 2235 ab
779 2169 882 2234 eundo
904 2191 1023 2235 nomen
1045 2175 1098 2234 est
1120 2170 1182 2236 du·

173 2265 274 2343 ctum,
303 2279 342 2324 ex
371 2280 434 2344 quo
462 2258 672 2324 transitiones
694 2258 824 2344 perviae
848 2257 944 2322 ‘iani’
966 2257 1119 2342 foresque
1144 2259 1183 2324 in

172 2347 338 2415 liminibus
374 2345 584 2434 profanarum
620 2346 747 2411 aedium
779 2344 925 2411 ‘ianuae'
956 2346 1181 2413 nominantur.

173 2435 258 2503 Nam
284 2432 405 2502 Vestae
435 2455 553 2501 nomen
584 2455 605 2500 a
632 2433 777 2518 Graecis3
809 2456 848 2499 ea
880 2436 931 2499 est
961 2434 1059 2518 enim,
1092 2455 1181 2520 quae
1194 2453 1218 2494 η

173 2525 214 2592 ab
247 2523 313 2590 illis
336 2517 448 2589 Ἑστία
475 2522 600 2590 dieitur.
644 2521 705 2587 Vis
737 2527 846 2588 autem
874 2521 942 2587 eiua
972 2521 1014 2586 ad
1040 2545 1114 2588 aras
1145 2528 1182 2592 et

171 2613 261 2680 soeos
293 2611 442 2698 pertinet.
486 2610 602 2695 Itaque
633 2611 669 2676 in
699 2633 738 2676 ea
770 2610 841 2695 dea,
874 2609 961 2695 quod
988 2614 1038 2675 est
1066 2633 1181 2678 rerum

173 2704 281 2768 eustos
310 2698 522 2784 intumarum,
554 2699 660 2764 omnis
689 2703 723 2764 et
749 2698 893 2784 precatio
921 2702 954 2763 et
981 2699 1180 2767 sacrificatio

120 2809 154 2865 os
173 2793 316 2856 extreme
338 2790 396 2856 ert.
432 2785 501 2854 Nee
523 2787 621 2874 louge
644 2787 763 2852 absunt
777 2787 827 2852 ab
850 2787 915 2872 hae
933 2785 967 2852 vi
989 2785 1179 2854 diPenates

172 2877 240 2944 sive
266 2896 288 2941 a
313 2895 399 2963 penu
426 2873 522 2942 ducto
550 2875 681 2941 nomine
705 2872 770 2961 (est
792 2876 877 2941 enim
900 2897 1009 2958 omne,
1036 2897 1102 2960 quo
1125 2899 1179 2942 ve
1192 2894 1217 2933 η)

173 2967 307 3030 suuntur
328 2961 484 3048 homines,
506 2961 623 3050 penus)
646 2963 714 3028 sive
737 2962 779 3028 ab
802 2984 850 3048 eo,
873 2963 958 3047 quod
980 2963 1113 3049 penitus
1130 2964 1179 3030 in-

172 3052 290 3135 uident3
318 3070 357 3116 ex
383 3070 449 3135 quo
475 3049 575 3116 etiam
602 3049 810 3137 ‘penetrales’
838 3073 859 3116 a
879 3051 986 3136 poetis
1009 3057 1178 3118 vocantur.

171 3139 242 3210 lam
264 3137 429 3223 Apollinis
451 3158 570 3204 nomen
593 3141 644 3204 est
666 3138 834 3223 Graecum,
858 3161 953 3223 quem
971 3136 1082 3205 Solem
1106 3161 1178 3207 esse

170 3229 293 3296 volunt.
325 3223 465 3293 Dianam
488 3227 598 3292 autem
616 3229 650 3292 et
662 3225 788 3292 Lunam
807 3227 941 3292 eandem
959 3249 1031 3293 esse
1048 3231 1178 3314 putant,

170 3339 243 3384 eum
266 3312 322 3380 Sol
346 3313 449 3381 dietus
472 3313 526 3397 sit,
548 3313 602 3379 rel
624 3313 701 3399 quia
724 3315 813 3380 solus
836 3337 875 3381 ex
895 3316 1047 3382 omnibus
1066 3316 1177 3382 sideri·
1191 3333 1216 3376 ss

170 3405 178 3412 '
336 3405 444 3468 “antus
467 3401 519 3466 vel
542 3400 631 3485 quia,
661 3423 733 3467 eum
756 3406 807 3468 est
829 3406 969 3487 exortus,
993 3404 1177 3472 obscuratis

371 3489 432 3554 >lus
456 3491 602 3575 apparet,
623 3487 716 3554 Luna
738 3511 758 3554 a
775 3489 912 3556 lucendo
928 3491 1099 3558 nominata
1117 3493 1177 3578 sit3
