2458 3934
176 179 241 244 180
522 175 572 230 DE
590 173 832 230 DIVINATIONE

176 343 246 388 esse
274 320 397 386 ductee.
443 318 573 386 Etenim
595 318 754 404 Aegyptii
780 322 814 383 et
835 316 1010 401 Bebylonii
1037 317 1075 382 in
1102 339 1181 384 cem·

175 406 1182 580 tttltttiuttqttltttttttttfttttt‘

176 589 239 668 set,
267 605 397 650 omnem
422 605 533 651 curem
559 583 595 648 in
623 582 764 649 siderum
787 582 973 667 cognitione
995 585 1183 665 posuerimt,

175 672 306 739 Etrusci
324 674 442 754 eutem,
465 670 551 755 quod
569 671 726 756 religione
744 670 851 737 inbuti
870 669 1049 736 studiosius
1069 673 1104 734 et
1122 691 1182 734 cre
1204 686 1213 724 ⁵

176 761 267 826 brius
289 759 415 826 hostias
438 758 664 842 immolabant,
687 761 836 826 extorum
856 758 1041 843 cognitioni
1064 779 1102 826 se
1120 779 1181 822 nm

175 870 272 914 xume
294 847 492 932 dediderunt,
515 846 665 931 quodque
682 849 818 931 propter
834 845 918 912 e'e'ris
937 845 1184 912 crassitudinem

177 937 216 1002 de
239 938 329 1002 caelo
352 935 438 1021 epnd
460 956 516 1006 eos
538 935 644 1000 multe
665 935 797 1018 fiebunt,
820 937 854 1000 et
876 933 964 1018 quod
986 933 1030 1000 ob
1055 934 1184 1000 eandem

177 1047 309 1092 ceusem
331 1024 436 1090 multe
457 1022 628 1090 invisitete
649 1021 769 1107 purtim
792 1043 810 1086 e
833 1022 932 1104 cesto,
955 1021 1024 1087 elie
1043 1043 1084 1086 ex
1102 1025 1184 1086 terre

178 1114 379 1196 oriebantur,
409 1111 567 1197 quaedem
596 1110 695 1176 etiem
726 1131 764 1176 ex
790 1109 961 1176 hominum
986 1109 1184 1194 pecudumve
1195 1123 1213 1162 1⁰

178 1204 335 1284 conceptu
370 1203 402 1264 et
435 1203 522 1285 setu,
559 1201 762 1265 ostentorum
795 1197 1061 1265 exercitatissimi
1093 1201 1184 1264 inter·

177 1291 286 1372 pretes
309 1287 513 1352 exstiterunt.
554 1285 698 1362 Quorum
720 1286 851 1370 quidem
874 1285 954 1371 vim,
977 1289 1017 1352 ut
1040 1290 1080 1352 tu
1104 1286 1182 1351 soles

178 1374 293 1459 dicere,
314 1374 414 1441 verbe
435 1375 508 1458 ipse
525 1374 701 1460 prudenter
718 1396 739 1439 e
759 1374 937 1440 maioribus
955 1374 1070 1459 posite
1089 1374 1185 1440 decla·

178 1467 261 1528 rent.
306 1460 389 1537 Quia
416 1462 501 1528 enim
530 1463 717 1546 ostendunt,
748 1461 960 1546 portendunt,
989 1465 1183 1542 monstrent,

177 1551 376 1636 praedicunt,
399 1553 536 1634 ostenta,
556 1553 718 1635 portenta,
736 1553 892 1632 monstro,
909 1549 1065 1636 prodigia
1084 1550 1183 1618 dieun-
1194 1563 1213 1600 1⁵

125 1653 160 1702 94
178 1644 241 1706 tur.
277 1638 403 1705 Arabes
426 1642 537 1704 eutem
559 1641 592 1704 et
609 1636 756 1723 Phryges
780 1635 957 1721 et‚Oilices,
980 1639 1072 1722 quod
1094 1641 1183 1724 pesti

177 1727 336 1814 pecudum
367 1749 516 1794 mexume
545 1727 682 1791 utuntur
708 1748 840 1811 campos
868 1729 901 1790 et
928 1730 1062 1792 montes
1085 1727 1182 1792 hieme

179 1819 212 1882 et
230 1819 354 1881 eestete
372 1815 594 1901 peragrantes,
611 1817 784 1899 propterea
801 1813 930 1880 facilius
949 1818 1067 1881 centus
1083 1814 1182 1880 evium

179 1908 212 1968 et
229 1905 357 1969 volutus
375 1905 586 1985 notaverunt3
608 1902 783 1986 sedemque
802 1906 835 1966 et
847 1901 989 1968 Pisidiee
1008 1925 1112 1969 ceusu
1128 1900 1183 1964 fuit

178 1994 211 2055 et
233 1991 309 2056 huie
331 1994 463 2057 nostres
481 1989 645 2056 Umbriae.
682 1989 765 2056 Tum
788 1987 884 2056 Caris
906 1993 980 2058 tote
1001 1990 1211 2075 praecipue20

179 2099 240 2163 que
264 2077 452 2161 Telmesses,
475 2100 555 2161 quos
579 2080 655 2143 ente
673 2077 748 2160 dixi,
771 2078 858 2162 quod
876 2099 974 2164 egros
993 2079 1181 2144 uberrumos

179 2165 381 2249 meximeque
403 2164 528 2232 fertiles
550 2166 704 2250 incolunt,
726 2166 763 2230 in
785 2165 902 2249 quibus
925 2167 1032 2232 multe
1053 2168 1182 2252 propter

177 2253 409 2319 fecunditatem
436 2254 518 2339 fingi
546 2253 700 2338 gignique
721 2257 873 2339 possunt,
898 2254 934 2320 in
956 2255 1098 2320 ostentis
1124 2251 1182 2319 eni·

180 2341 417 2407 madvertendi's
441 2341 612 2427 diligentes
634 2341 774 2408 fuerunt.

126 2402 169 2528 dd
230 2427 324 2506 ¹Quis
347 2451 423 2495 vero
448 2450 515 2496 non
537 2428 626 2494 videt
647 2429 683 2494 in
704 2433 839 2514 optume
857 2451 1039 2514 quoquere
1057 2429 1212 2517 pinnen

178 2517 354 2602 plurimum
387 2517 530 2602 euspicio
562 2520 595 2581 et
626 2517 752 2600 reliq-ue
784 2518 950 2584 divinendi
981 2539 1105 2605 genere
1136 2538 1182 2581 re
1211 2579 1212 2582 ,

178 2605 301 2670 luisse?
337 2604 416 2681 Quis
439 2627 495 2670 rex
512 2625 666 2689 umquem
684 2605 757 2689 fuit,
781 2605 853 2690 quis
875 2606 1025 2692 populus,
1049 2607 1107 2692 qui
1124 2625 1182 2670 non
1211 2616 1212 2663 1

64 2699 68 2706 ’
179 2696 325 2759 uteretur
356 2692 575 2777 praedictione
608 2692 738 2759 divina?
770 2715 873 2778 neque
903 2694 1010 2759 solum
1037 2695 1075 2760 in
1100 2711 1181 2780 pace,

180 2781 236 2846 sed
258 2781 402 2847 inbelle
426 2780 530 2846 multo
553 2779 652 2848 etiem
675 2781 791 2865 magis,
814 2802 878 2865 quo
901 2782 1006 2866 nisius
1030 2787 1103 2849 eret
1124 2799 1180 2846 cer·

179 2870 291 2932 tumen
311 2871 345 2932 et
368 2868 540 2934 discrimen
558 2867 684 2934 salutis.
724 2867 849 2934 Omitto
867 2873 1008 2954 nostroe,
1031 2871 1089 2953 qui
1105 2865 1211 2934 nihile

179 2953 215 3018 in
243 2953 330 3018 bello
362 2955 431 3020 sine
460 2956 543 3021 extis
574 2960 689 3043 egunt,
719 2956 802 3021 nihil
830 2957 900 3023 sine
923 2958 1077 3044 auspiciis
1101 2951 1181 3023 domi

180 3039 316 3122 [hebent
334 3042 504 3125 euspicie];
523 3047 656 3110 externe
673 3044 852 3110 videamus:
870 3043 903 3110 N
905 3067 1021 3128 amque
1040 3050 1075 3111 et
1088 3043 1181 3112 Athe

178 3128 307 3194 memes
325 3128 475 3193 omnibus
494 3151 621 3216 semper
638 3131 777 3216 publicis
791 3132 936 3199 consiliis
952 3133 1079 3200 divinos
1094 3152 1180 3218 quos·

179 3216 255 3282 dem
277 3214 473 3301 secerdotes,
497 3239 578 3300 quos
600 3217 734 3302 μάντεις
755 3225 882 3304 vocent,
905 3221 1130 3304 adhibuerunt,
1151 3220 1178 3282 et

178 3302 424 3401 Incedeemonii
447 3304 577 3388 regibus
600 3308 667 3372 suis
689 3329 846 3395 augurem
868 3308 1072 3376 adsessorem
1096 3307 1211 3374 deden

178 3393 267 3473 runt,
296 3390 438 3475 itemque
466 3391 596 3457 senibus
625 3393 687 3479 (sic
715 3396 800 3462 enim
827 3398 999 3463 consilium
1022 3398 1177 3485 publicum

179 3476 361 3562 appellent)
389 3499 545 3564 augurem
572 3479 727 3550 interesse
749 3485 935 3570 voluerunt,
961 3485 1122 3572 iidemque
1144 3481 1177 3546 de
