2458 3934
311 218 378 272 mu.
397 219 418 274 Ι.
445 218 520 274 cnP.
540 225 619 274 a—s.
642 225 753 285 ιιι-ι.
969 219 1031 281 147

47 361 184 445 princeps
206 362 271 426 eius
296 362 495 448 disciplinae,
522 361 688 427 Posidonii
709 362 836 446 doctor,
859 362 1034 447 discipulus

47 448 210 534 Antipatri,
229 451 444 536 degeneravit,
462 449 645 534 Panaetius,
664 471 723 515 uec
740 454 851 514 tamen
868 472 965 517 ausus
985 456 1035 515 est

46 558 151 622 negare
169 537 236 602 rim
254 559 323 603 esse
342 538 513 621 divinandi,
533 539 588 602 sed
607 538 754 603 dubitare
769 559 803 604 se
818 538 907 603 dixit.
943 538 1034 614 Quod

46 624 86 688 illi
110 625 144 688 in
172 626 338 710 aliquare
359 627 573 692 invitissumis
597 624 713 691 Stoicis
737 623 846 692 Stoico
868 627 974 693 facere
998 628 1035 691 li-

29 713 112 797 ⁵cuit,
138 713 174 776 id
198 735 258 778 nos
286 717 323 778 ut
345 714 380 778 in
396 715 535 798 'reliquis
558 714 654 778 rebus
676 713 846 799 faciamus,
874 738 894 780 a
917 713 1033 781 Stoicis

44 821 98 865 non
119 801 332 866 concedetur?
354 803 546 886 praesertim
569 824 641 867 cum
663 802 705 885 id,
729 802 767 866 de
791 824 854 886 quo
877 801 1033 868 Panaetio

44 909 97 952 non
118 889 236 973 liquet,
259 890 392 974 reliquis
416 891 557 955 eiusdem
581 890 769 974 discipliuae
794 891 872 954 solis
896 891 966 956 luce
990 891 1034 954 vi·

44 976 143 1041 deutur
180 978 307 1042 clarius.
361 975 424 1042 Sed
458 979 537 1043 haec
575 978 704 1062 quidem
736 978 808 1042 laus
841 977 1068 1050 Academias,

43 1066 313 1147 praestantissumi
341 1066 528 1151 philosophi
554 1066 671 1131 iudicio
696 1070 728 1130 et
750 1065 939 1132 testimonio
963 1087 1033 1131 cou-

18 1168 35 1206 u
43 1153 168 1235 probata
205 1157 264 1218 est.
313 1152 443 1218 Etenim
477 1154 641 1220 nobismet
676 1154 757 1238 ipsis
794 1155 1074 1238 quaerentibus‚4

45 1241 106 1324 quid
127 1241 172 1306 sit
195 1243 235 1306 de
259 1241 455 1306 divinatione
478 1242 692 1326 iudicandum,
716 1243 803 1327 quod
826 1265 845 1308 a
868 1241 1033 1308 Carneade

44 1330 132 1394 multa
157 1333 254 1395 acute
277 1331 460 1414 etcopiose
483 1336 596 1396 contra
619 1328 744 1396 Stoicos
770 1331 935 1416 disputata
959 1332 1033 1414 sint,

44 1418 291 1502 verentibusque,
313 1439 353 1482 ue
376 1423 496 1483 temere
518 1419 571 1484 vel
592 1418 696 1484 falsae
718 1419 766 1484 rei
789 1421 841 1484 vel
862 1441 929 1485 non
952 1420 1031 1485 satis

44 1506 179 1590 cognitae
199 1505 427 1590 adsentiamur,
448 1506 629 1572 faciendum
648 1508 784 1591 videtur,
804 1511 841 1571 ut
861 1508 1033 1593 diligenter

19 1594 127 1658 retiam
154 1599 255 1678 atque
284 1595 382 1659 etiam
410 1600 603 1680 argumenta
629 1617 701 1660 cum
727 1596 927 1678 argumentis
950 1617 1034 1659 com·

43 1703 195 1767 paremus,
218 1687 255 1746 ut
277 1682 411 1748 fecimus
434 1683 469 1747 in
490 1682 530 1747 iis
553 1682 659 1747 tribus
683 1682 790 1764 libris,
814 1703 895 1764 quos
919 1683 957 1746 de
979 1703 1034 1746 ua·

9 1807 10 1812 1
42 1773 102 1835 tura
122 1772 260 1836 deorum
283 1770 478 1855 scripsimus.
519 1769 606 1835 Nam
623 1791 697 1834 cum
716 1769 866 1834 omnibus
884 1771 920 1834 in
937 1770 1033 1835 rebus

43 1859 197 1924 temeritas
221 1860 256 1922 in
279 1859 486 1924 adsentiendo
510 1879 663 1942 errorque
686 1858 791 1943 turpis
815 1861 879 1942 est,
907 1861 978 1922 tum
1000 1858 1035 1922 in

43 1965 71 2008 eo
98 1948 171 2013 loco
204 1947 356 2030 maxime,
387 1948 422 2012 in
455 1969 518 2030 quo
551 1946 755 2011 iudicandum
783 1950 845 2030 est,
877 1950 1034 2030 quantum

18 2036 182 2118 ususpiciis
205 2034 365 2118 rebusque
388 2034 505 2100 divinis
528 2034 742 2120 religionique
765 2034 961 2118 tribuamus3
985 2038 1034 2098 est

43 2122 113 2187 euim
134 2123 325 2208 periculum,
347 2144 388 2187 ne
412 2127 468 2187 aut
489 2122 647 2208 neglectis
669 2123 710 2186 iis
729 2122 830 2207 impia
846 2121 959 2188 fraude
978 2127 1035 2188 aut

43 2211 187 2296 susceptis
211 2211 291 2276 anili
314 2211 543 2296 superstitione
566 2210 756 2296 obligemur.

95 2297 220 2374 Quibus
244 2298 282 2363 de
305 2298 401 2363 rebus
420 2302 453 2363 et
472 2299 552 2362 alias
571 2319 666 2382 saepe
685 2303 718 2363 et
736 2299 834 2384 paulo
854 2299 1033 2365 accuratius
1053 2332 1069 2379 g

43 2404 137 2472 nuper,
158 2399 232 2451 cum
252 2407 355 2451 essem
374 2407 446 2451 cum
461 2385 497 2461 Q.
514 2386 616 2451 fratre
634 2387 669 2450 iu
682 2385 874 2469 Tusculano,
893 2387 1035 2472 disputa-

18 2475 100 2538 uum
113 2479 175 2540 est.
197 2473 370 2541 Nemeum
385 2474 571 2540 ambulandi
585 2495 683 2538 causa
696 2474 731 2538 in
738 2473 883 2557 Ly'ceum
897 2474 1035 2538 venisse-

43 2581 100 2626 mus
123 2561 173 2649 (id
196 2563 282 2628 enim
301 2563 459 2647 superiori
478 2563 646 2648 gymnasio
664 2582 784 2627 nomen
803 2559 875 2646 est),
897 2560 1035 2647 Perlegi,

44 2648 112 2730 [ille]
134 2650 253 2734 inquit,
275 2655 368 2715 tuum
390 2650 488 2734 paulo
512 2654 587 2714 ante
610 2650 743 2715 tertium
766 2648 805 2713 de
827 2653 945 2713 natura
963 2649 1034 2714 deo·

43 2755 110 2821 rum,
131 2739 169 2803 in
192 2759 256 2822 quo
280 2738 457 2823 disputatio
472 2736 590 2803 Cottae
610 2758 807 2822 quamquam
825 2736 1035 2802 labefactarit

44 2827 227 2892 sententiam
241 2849 356 2910 meam,
369 2847 436 2890 non
448 2825 594 2890 funditus
608 2830 719 2890 tamen
732 2824 874 2889 sustulit.
905 2823 970 2910 Opt
955 2827 1034 2892 time

17 2921 120 2998 ³⁰,ver0
157 2915 304 2998 inquam3
341 2914 460 2979 etenim
495 2914 565 2998 ipse
597 2911 695 2977 Cotta
676 2913 776 2978 asic
808 2912 918 2998 disput
919 2918 966 2998 at,
998 2919 1035 2981 ut

45 2965 216 3067 Stoidorum
238 3003 342 3088 magis
367 3006 559 3087 argumenta
581 3000 725 3066 confutet
711 3004 845 3085 tquam
867 2965 1035 3068 homiirum

46 3085 139 3155 deleat
156 3091 355 3176 religionem.
387 3089 469 3154 Tum
484 3088 583 3164 Quint
584 3111 634 3154 us:
654 3087 741 3154 Dicit
727 3094 781 3154 tur
799 3090 928 3173 quidem
942 3091 1034 3174 istuc,

45 3171 151 3272 inquit,
174 3201 195 3243 a
217 3177 279 3244 Cot
265 3182 324 3261 tta,
347 3181 479 3242 atvero
503 3178 640 3262 saepius,
664 3178 766 3262 credo,
789 3199 829 3241 ne
853 3177 1035 3242 communia

45 3259 104 3329 iura
125 3267 267 3354 migrare
289 3266 451 3349 videatur3
479 3265 535 3330 sed
558 3265 664 3329 studio
687 3269 801 3330 contra
823 3262 949 3327 Stoicos
973 3263 1034 3328 dis-

18 3355 158 3420 ltsereudi
185 3355 262 3419 deos
290 3354 370 3420 mihi
397 3353 524 3418 videtur
546 3354 690 3418 funditus
714 3353 837 3418 tollere
883 3349 962 3415 Eius
985 3372 1034 3414 ra·
1053 3365 1068 3413 9

45 3437 114 3506 tioni
135 3464 201 3508 non
224 3463 300 3506 sane
323 3441 468 3506 desidero
492 3441 568 3524 quid
590 3441 815 3524 respoudeam3
843 3442 894 3502 sat
895 3438 923 3501 is
948 3438 1033 3502 enim
1217 3465 1220 3567 3

46 3523 161 3596 detensa
188 3530 304 3616 religio
333 3531 419 3594 est
410 3529 604 3592 insecundo
628 3529 711 3593 libro
736 3525 914 3608 aLuoilio,
944 3526 1032 3588 cuius

768 3627 820 3680 ιο*
