<?xml version="1.0" encoding="UTF-8"?>
<!DOCTYPE html PUBLIC "-//W3C//DTD XHTML 1.0 Transitional//EN"
    "http://www.w3.org/TR/xhtml1/DTD/xhtml1-transitional.dtd">
<html xmlns="http://www.w3.org/1999/xhtml" xml:lang="en" lang="en">
 <head>
  <title>
</title>
<meta http-equiv="Content-Type" content="text/html;charset=utf-8" />
  <meta name='ocr-system' content='tesseract 3.04.00' />
  <meta name='ocr-capabilities' content='ocr_page ocr_carea ocr_par ocr_line ocrx_word'/>
</head>
<body>
  <div class='ocr_page' id='page_1' title='image "./mtulliiciceroni03mlgoog_0283.png"; bbox 0 0 2452 3938; ppageno 0'>
   <div class='ocr_carea' id='block_1_1' title="bbox 164 143 825 211">
    <p class='ocr_par' dir='ltr' id='par_1_1' title="bbox 164 143 825 211">
     <span class='ocr_line' id='line_1_1' title="bbox 164 143 825 211; baseline -0.018 0"><span class='ocrx_word' id='word_1_1' title='bbox 164 145 231 211; x_wconf 78' lang='lat'>232</span> <span class='ocrx_word' id='word_1_2' title='bbox 516 144 565 198; x_wconf 85' lang='lat' dir='ltr'>Da</span> <span class='ocrx_word' id='word_1_3' title='bbox 583 143 825 200; x_wconf 78' lang='lat' dir='ltr'><strong>DIVINATIONE</strong></span> 
     </span>
    </p>
   </div>
   <div class='ocr_carea' id='block_1_2' title="bbox 112 288 1214 566">
    <p class='ocr_par' dir='ltr' id='par_1_2' title="bbox 112 288 1214 570">
     <span class='ocr_line' id='line_1_2' title="bbox 165 288 1214 373; baseline -0.003 -17"><span class='ocrx_word' id='word_1_4' title='bbox 165 312 238 356; x_wconf 88' lang='lat' dir='ltr'>cum</span> <span class='ocrx_word' id='word_1_5' title='bbox 261 292 345 356; x_wconf 88' lang='lat' dir='ltr'>esset</span> <span class='ocrx_word' id='word_1_6' title='bbox 368 289 454 373; x_wconf 86' lang='lat' dir='ltr'>luna,</span> <span class='ocrx_word' id='word_1_7' title='bbox 475 292 588 355; x_wconf 89' lang='lat' dir='ltr'>natam</span> <span class='ocrx_word' id='word_1_8' title='bbox 612 311 682 354; x_wconf 87' lang='lat' dir='ltr'>esse</span> <span class='ocrx_word' id='word_1_9' title='bbox 705 289 832 354; x_wconf 88' lang='lat' dir='ltr'>dicebat</span> <span class='ocrx_word' id='word_1_10' title='bbox 853 311 913 355; x_wconf 90' lang='lat' dir='ltr'>nec</span> <span class='ocrx_word' id='word_1_11' title='bbox 935 289 1002 354; x_wconf 89' lang='lat' dir='ltr'>eius</span> <span class='ocrx_word' id='word_1_12' title='bbox 1024 288 1097 354; x_wconf 84' lang='lat' dir='ltr'>fata</span> <span class='ocrx_word' id='word_1_13' title='bbox 1118 313 1164 354; x_wconf 84' lang='lat' dir='ltr'>ca·</span> <span class='ocrx_word' id='word_1_14' title='bbox 1213 293 1214 366; x_wconf 75' lang='lat' dir='ltr'>l</span> 
     </span>
     <span class='ocr_line' id='line_1_3' title="bbox 112 375 1214 452; baseline 0.001 -11"><span class='ocrx_word' id='word_1_15' title='bbox 112 390 146 441; x_wconf 81' lang='grc'>99</span> <span class='ocrx_word' id='word_1_16' title='bbox 164 400 241 444; x_wconf 90' lang='lat' dir='ltr'>nere</span> <span class='ocrx_word' id='word_1_17' title='bbox 268 377 447 443; x_wconf 85' lang='lat' dir='ltr'>dubitabat.</span> <span class='ocrx_word' id='word_1_18' title='bbox 489 375 516 442; x_wconf 95' lang='grc' dir='ltr'>Ο</span> <span class='ocrx_word' id='word_1_19' title='bbox 543 377 610 442; x_wconf 87' lang='lat' dir='ltr'>vim</span> <span class='ocrx_word' id='word_1_20' title='bbox 636 399 822 442; x_wconf 80' lang='lat' dir='ltr'>maxumam</span> <span class='ocrx_word' id='word_1_21' title='bbox 849 377 981 442; x_wconf 88' lang='lat' dir='ltr'>erroris!</span> <span class='ocrx_word' id='word_1_22' title='bbox 1014 377 1165 442; x_wconf 82' lang='lat' dir='ltr'>Etiamne</span> <span class='ocrx_word' id='word_1_23' title='bbox 1213 439 1214 452; x_wconf 67' lang='grc'>,</span> 
     </span>
     <span class='ocr_line' id='line_1_4' title="bbox 164 465 1164 566; baseline -0.004 -36"><span class='ocrx_word' id='word_1_24' title='bbox 164 465 255 530; x_wconf 87' lang='lat' dir='ltr'>urbis</span> <span class='ocrx_word' id='word_1_25' title='bbox 276 465 397 530; x_wconf 87' lang='lat' dir='ltr'>natalis</span> <span class='ocrx_word' id='word_1_26' title='bbox 420 465 488 531; x_wconf 88' lang='lat' dir='ltr'>dies</span> <span class='ocrx_word' id='word_1_27' title='bbox 511 465 552 530; x_wconf 89' lang='lat' dir='ltr'>ad</span> <span class='ocrx_word' id='word_1_28' title='bbox 574 465 641 530; x_wconf 88' lang='lat' dir='ltr'>vim</span> <span class='ocrx_word' id='word_1_29' title='bbox 665 465 834 530; x_wconf 87' lang='lat' dir='ltr'>stellarum</span> <span class='ocrx_word' id='word_1_30' title='bbox 857 468 891 530; x_wconf 90' lang='lat' dir='ltr'>et</span> <span class='ocrx_word' id='word_1_31' title='bbox 913 465 1008 530; x_wconf 87' lang='lat' dir='ltr'>lunae</span> <span class='ocrx_word' id='word_1_32' title='bbox 1029 465 1164 566; x_wconf 69' lang='lat' dir='ltr'>pertine</span> 
     </span>
    </p>
   </div>
   <div class='ocr_carea' id='block_1_3' title="bbox 72 551 1214 3532">
    <p class='ocr_par' dir='ltr' id='par_1_3' title="bbox 164 551 1214 637">
     <span class='ocr_line' id='line_1_5' title="bbox 164 551 1214 637; baseline -0.004 -19"><span class='ocrx_word' id='word_1_33' title='bbox 164 554 244 620; x_wconf 80' lang='lat' dir='ltr'>bat?</span> <span class='ocrx_word' id='word_1_34' title='bbox 279 551 344 619; x_wconf 81' lang='lat' dir='ltr'>Fac</span> <span class='ocrx_word' id='word_1_35' title='bbox 372 553 407 618; x_wconf 89' lang='lat' dir='ltr'>in</span> <span class='ocrx_word' id='word_1_36' title='bbox 433 574 533 637; x_wconf 89' lang='lat' dir='ltr'>puero</span> <span class='ocrx_word' id='word_1_37' title='bbox 560 551 695 636; x_wconf 86' lang='lat' dir='ltr'>referre,</span> <span class='ocrx_word' id='word_1_38' title='bbox 725 575 764 618; x_wconf 87' lang='lat' dir='ltr'>ex</span> <span class='ocrx_word' id='word_1_39' title='bbox 791 574 856 637; x_wconf 90' lang='lat' dir='ltr'>qua</span> <span class='ocrx_word' id='word_1_40' title='bbox 883 552 1066 618; x_wconf 69' lang='lat' dir='ltr'><strong>adfectione</strong></span> <span class='ocrx_word' id='word_1_41' title='bbox 1089 554 1164 618; x_wconf 87' lang='lat' dir='ltr'>caeh</span> <span class='ocrx_word' id='word_1_42' title='bbox 1213 573 1214 614; x_wconf 72' lang='lat' dir='ltr'>l</span> 
     </span>
    </p>

    <p class='ocr_par' dir='ltr' id='par_1_4' title="bbox 164 640 1214 727">
     <span class='ocr_line' id='line_1_6' title="bbox 164 640 1214 727; baseline -0.005 -21"><span class='ocrx_word' id='word_1_43' title='bbox 164 641 305 727; x_wconf 87' lang='lat' dir='ltr'>primurn</span> <span class='ocrx_word' id='word_1_44' title='bbox 332 641 483 726; x_wconf 87' lang='lat' dir='ltr'>spiritum</span> <span class='ocrx_word' id='word_1_45' title='bbox 511 640 650 724; x_wconf 82' lang='lat' dir='ltr'>duxerit3</span> <span class='ocrx_word' id='word_1_46' title='bbox 677 663 756 705; x_wconf 90' lang='lat' dir='ltr'>uum</span> <span class='ocrx_word' id='word_1_47' title='bbox 781 640 845 706; x_wconf 85' lang='lat' dir='ltr'>hoe</span> <span class='ocrx_word' id='word_1_48' title='bbox 871 641 907 705; x_wconf 91' lang='lat' dir='ltr'>in</span> <span class='ocrx_word' id='word_1_49' title='bbox 928 641 1031 707; x_wconf 88' lang='lat' dir='ltr'>latere</span> <span class='ocrx_word' id='word_1_50' title='bbox 1056 641 1165 706; x_wconf 89' lang='lat' dir='ltr'>autin</span> <span class='ocrx_word' id='word_1_51' title='bbox 1185 641 1214 718; x_wconf 61' lang='lat' dir='ltr'>rt</span> 
     </span>
    </p>

    <p class='ocr_par' dir='ltr' id='par_1_5' title="bbox 165 728 1214 818">
     <span class='ocr_line' id='line_1_7' title="bbox 165 728 1214 818; baseline -0.004 -23"><span class='ocrx_word' id='word_1_52' title='bbox 165 732 345 814; x_wconf 89' lang='lat' dir='ltr'>caemento,</span> <span class='ocrx_word' id='word_1_53' title='bbox 373 750 411 794; x_wconf 85' lang='lat' dir='ltr'>ex</span> <span class='ocrx_word' id='word_1_54' title='bbox 439 729 554 813; x_wconf 80' lang='lat' dir='ltr'>quibus</span> <span class='ocrx_word' id='word_1_55' title='bbox 576 728 655 794; x_wconf 87' lang='lat' dir='ltr'>urbs</span> <span class='ocrx_word' id='word_1_56' title='bbox 678 728 792 793; x_wconf 84' lang='lat' dir='ltr'>effecta</span> <span class='ocrx_word' id='word_1_57' title='bbox 815 730 878 811; x_wconf 88' lang='lat' dir='ltr'>est,</span> <span class='ocrx_word' id='word_1_58' title='bbox 904 729 1014 814; x_wconf 91' lang='lat' dir='ltr'>potuit</span> <span class='ocrx_word' id='word_1_59' title='bbox 1036 729 1164 794; x_wconf 80' lang='lat' dir='ltr'>valere?</span> <span class='ocrx_word' id='word_1_60' title='bbox 1213 731 1214 818; x_wconf 64' lang='lat' dir='ltr'>l</span> 
     </span>
    </p>

    <p class='ocr_par' dir='ltr' id='par_1_6' title="bbox 165 815 1214 902">
     <span class='ocr_line' id='line_1_8' title="bbox 165 815 1214 902; baseline -0.001 -20"><span class='ocrx_word' id='word_1_61' title='bbox 165 815 228 883; x_wconf 86' lang='lat' dir='ltr'>Sed</span> <span class='ocrx_word' id='word_1_62' title='bbox 251 817 327 902; x_wconf 92' lang='lat' dir='ltr'>quid</span> <span class='ocrx_word' id='word_1_63' title='bbox 348 816 465 902; x_wconf 82' lang='lat' dir='ltr'>plura?</span> <span class='ocrx_word' id='word_1_64' title='bbox 488 815 604 881; x_wconf 77' lang='lat' dir='ltr'>cotidie</span> <span class='ocrx_word' id='word_1_65' title='bbox 623 815 824 881; x_wconf 89' lang='lat' dir='ltr'>refelluntur.</span> <span class='ocrx_word' id='word_1_66' title='bbox 859 816 964 892; x_wconf 82' lang='lat' dir='ltr'>Quam</span> <span class='ocrx_word' id='word_1_67' title='bbox 981 817 1091 883; x_wconf 86' lang='lat' dir='ltr'>multa</span> <span class='ocrx_word' id='word_1_68' title='bbox 1109 837 1164 902; x_wconf 82' lang='lat' dir='ltr'>ego</span> <span class='ocrx_word' id='word_1_69' title='bbox 1213 831 1214 840; x_wconf 50' lang='lat'>³</span> 
     </span>
    </p>

    <p class='ocr_par' dir='ltr' id='par_1_7' title="bbox 164 902 1166 991">
     <span class='ocr_line' id='line_1_9' title="bbox 164 902 1166 991; baseline -0.003 -20"><span class='ocrx_word' id='word_1_70' title='bbox 164 904 333 991; x_wconf 90' lang='lat' dir='ltr'>Pompeio,</span> <span class='ocrx_word' id='word_1_71' title='bbox 354 927 453 989; x_wconf 91' lang='lat' dir='ltr'>quam</span> <span class='ocrx_word' id='word_1_72' title='bbox 474 905 579 970; x_wconf 89' lang='lat' dir='ltr'>multa</span> <span class='ocrx_word' id='word_1_73' title='bbox 601 902 734 988; x_wconf 80' lang='lat' dir='ltr'>Crasse,</span> <span class='ocrx_word' id='word_1_74' title='bbox 761 926 858 988; x_wconf 89' lang='lat' dir='ltr'>quam</span> <span class='ocrx_word' id='word_1_75' title='bbox 880 906 986 970; x_wconf 86' lang='lat' dir='ltr'>multa</span> <span class='ocrx_word' id='word_1_76' title='bbox 1007 905 1086 970; x_wconf 90' lang='lat' dir='ltr'>huic</span> <span class='ocrx_word' id='word_1_77' title='bbox 1107 904 1166 989; x_wconf 89' lang='lat' dir='ltr'>ipsi</span> 
     </span>
    </p>

    <p class='ocr_par' dir='ltr' id='par_1_8' title="bbox 72 990 1196 1410">
     <span class='ocr_line' id='line_1_10' title="bbox 72 990 1165 1075; baseline -0.002 -15"><span class='ocrx_word' id='word_1_78' title='bbox 72 1025 76 1034; x_wconf 93' lang='lat'>·</span> <span class='ocrx_word' id='word_1_79' title='bbox 165 991 297 1060; x_wconf 78' lang='lat' dir='ltr'><strong>Caesari</strong></span> <span class='ocrx_word' id='word_1_80' title='bbox 328 1015 349 1057; x_wconf 88' lang='lat' dir='ltr'>a</span> <span class='ocrx_word' id='word_1_81' title='bbox 376 990 547 1060; x_wconf 75' lang='lat' dir='ltr'>Chaldaeis</span> <span class='ocrx_word' id='word_1_82' title='bbox 578 991 665 1058; x_wconf 91' lang='lat' dir='ltr'>dicta</span> <span class='ocrx_word' id='word_1_83' title='bbox 691 993 837 1075; x_wconf 91' lang='lat' dir='ltr'>memini,</span> <span class='ocrx_word' id='word_1_84' title='bbox 867 993 1030 1058; x_wconf 88' lang='lat' dir='ltr'>neminem</span> <span class='ocrx_word' id='word_1_85' title='bbox 1059 1013 1165 1058; x_wconf 89' lang='lat' dir='ltr'>eorum</span> 
     </span>
     <span class='ocr_line' id='line_1_11' title="bbox 162 1079 1196 1165; baseline -0.002 -19"><span class='ocrx_word' id='word_1_86' title='bbox 162 1081 227 1146; x_wconf 91' lang='lat' dir='ltr'>nisi</span> <span class='ocrx_word' id='word_1_87' title='bbox 262 1083 440 1165; x_wconf 72' lang='lat' dir='ltr'>senectute,</span> <span class='ocrx_word' id='word_1_88' title='bbox 476 1079 540 1145; x_wconf 89' lang='lat' dir='ltr'>nisi</span> <span class='ocrx_word' id='word_1_89' title='bbox 567 1079 677 1163; x_wconf 90' lang='lat' dir='ltr'>domi,</span> <span class='ocrx_word' id='word_1_90' title='bbox 714 1080 780 1146; x_wconf 85' lang='lat' dir='ltr'>nisi</span> <span class='ocrx_word' id='word_1_91' title='bbox 810 1102 884 1146; x_wconf 92' lang='lat' dir='ltr'>cum</span> <span class='ocrx_word' id='word_1_92' title='bbox 915 1080 1069 1146; x_wconf 81' lang='lat' dir='ltr'>claritate</span> <span class='ocrx_word' id='word_1_93' title='bbox 1101 1101 1165 1146; x_wconf 88' lang='lat' dir='ltr'>esse</span> <span class='ocrx_word' id='word_1_94' title='bbox 1176 1099 1196 1138; x_wconf 80' lang='lat'>1⁰</span> 
     </span>
     <span class='ocr_line' id='line_1_12' title="bbox 164 1167 1166 1253; baseline -0.001 -20"><span class='ocrx_word' id='word_1_95' title='bbox 164 1169 370 1234; x_wconf 89' lang='lat' dir='ltr'>moriturum!</span> <span class='ocrx_word' id='word_1_96' title='bbox 390 1172 427 1232; x_wconf 90' lang='lat' dir='ltr'>ut</span> <span class='ocrx_word' id='word_1_97' title='bbox 445 1167 526 1232; x_wconf 89' lang='lat' dir='ltr'>mihi</span> <span class='ocrx_word' id='word_1_98' title='bbox 543 1167 720 1253; x_wconf 87' lang='lat' dir='ltr'>permirum</span> <span class='ocrx_word' id='word_1_99' title='bbox 737 1168 885 1233; x_wconf 85' lang='lat' dir='ltr'>rideatur</span> <span class='ocrx_word' id='word_1_100' title='bbox 904 1190 1103 1252; x_wconf 80' lang='lat' dir='ltr'>quemquam</span> <span class='ocrx_word' id='word_1_101' title='bbox 1121 1190 1166 1232; x_wconf 88' lang='lat' dir='ltr'>ex·</span> 
     </span>
     <span class='ocr_line' id='line_1_13' title="bbox 164 1255 1167 1342; baseline 0 -22"><span class='ocrx_word' id='word_1_102' title='bbox 164 1260 265 1338; x_wconf 88' lang='lat' dir='ltr'>stare,</span> <span class='ocrx_word' id='word_1_103' title='bbox 295 1255 351 1339; x_wconf 90' lang='lat' dir='ltr'>qui</span> <span class='ocrx_word' id='word_1_104' title='bbox 380 1255 479 1320; x_wconf 88' lang='lat' dir='ltr'>etiam</span> <span class='ocrx_word' id='word_1_105' title='bbox 504 1277 589 1321; x_wconf 90' lang='lat' dir='ltr'>nunc</span> <span class='ocrx_word' id='word_1_106' title='bbox 616 1256 726 1321; x_wconf 87' lang='lat' dir='ltr'>credat</span> <span class='ocrx_word' id='word_1_107' title='bbox 751 1255 806 1339; x_wconf 77' lang='lat' dir='ltr'>iis,</span> <span class='ocrx_word' id='word_1_108' title='bbox 836 1278 972 1341; x_wconf 90' lang='lat' dir='ltr'>quorum</span> <span class='ocrx_word' id='word_1_109' title='bbox 1001 1257 1167 1342; x_wconf 80' lang='lat' dir='ltr'>praedicta</span> 
     </span>
     <span class='ocr_line' id='line_1_14' title="bbox 164 1342 806 1410; baseline -0.002 -1"><span class='ocrx_word' id='word_1_110' title='bbox 164 1343 282 1410; x_wconf 81' lang='lat' dir='ltr'>cotidie</span> <span class='ocrx_word' id='word_1_111' title='bbox 303 1342 413 1409; x_wconf 84' lang='lat' dir='ltr'>rideat</span> <span class='ocrx_word' id='word_1_112' title='bbox 433 1365 469 1408; x_wconf 89' lang='lat' dir='ltr'>re</span> <span class='ocrx_word' id='word_1_113' title='bbox 492 1346 525 1407; x_wconf 93' lang='lat' dir='ltr'>et</span> <span class='ocrx_word' id='word_1_114' title='bbox 547 1343 670 1408; x_wconf 87' lang='lat' dir='ltr'>eventis</span> <span class='ocrx_word' id='word_1_115' title='bbox 692 1342 806 1408; x_wconf 81' lang='lat' dir='ltr'>refelli</span> 
     </span>
    </p>

    <p class='ocr_par' dir='ltr' id='par_1_9' title="bbox 111 1401 1195 2724">
     <span class='ocr_line' id='line_1_15' title="bbox 111 1401 1166 1528; baseline 0 -32"><span class='ocrx_word' id='word_1_116' title='bbox 111 1401 164 1528; x_wconf 55' lang='grc' dir='ltr'>’11ξο</span> <span class='ocrx_word' id='word_1_117' title='bbox 230 1430 369 1496; x_wconf 79' lang='lat' dir='ltr'>Restant</span> <span class='ocrx_word' id='word_1_118' title='bbox 387 1431 449 1496; x_wconf 91' lang='lat' dir='ltr'>duo</span> <span class='ocrx_word' id='word_1_119' title='bbox 469 1430 633 1496; x_wconf 79' lang='lat' dir='ltr'>divinandi</span> <span class='ocrx_word' id='word_1_120' title='bbox 651 1452 779 1517; x_wconf 84' lang='lat' dir='ltr'>genera,</span> <span class='ocrx_word' id='word_1_121' title='bbox 799 1451 881 1514; x_wconf 89' lang='lat' dir='ltr'>quae</span> <span class='ocrx_word' id='word_1_122' title='bbox 896 1431 1019 1496; x_wconf 87' lang='lat' dir='ltr'>habere</span> <span class='ocrx_word' id='word_1_123' title='bbox 1035 1433 1166 1498; x_wconf 88' lang='lat' dir='ltr'>dicimur</span> 
     </span>
     <span class='ocr_line' id='line_1_16' title="bbox 165 1519 1195 1604; baseline -0.003 -19"><span class='ocrx_word' id='word_1_124' title='bbox 165 1522 337 1602; x_wconf 87' lang='lat' dir='ltr'>enatura,</span> <span class='ocrx_word' id='word_1_125' title='bbox 365 1541 431 1584; x_wconf 91' lang='lat' dir='ltr'>non</span> <span class='ocrx_word' id='word_1_126' title='bbox 454 1519 495 1584; x_wconf 86' lang='lat' dir='ltr'>ab</span> <span class='ocrx_word' id='word_1_127' title='bbox 519 1523 602 1602; x_wconf 88' lang='lat' dir='ltr'>arte,</span> <span class='ocrx_word' id='word_1_128' title='bbox 628 1519 827 1585; x_wconf 83' lang='lat' dir='ltr'>vaticinandi</span> <span class='ocrx_word' id='word_1_129' title='bbox 849 1522 882 1584; x_wconf 89' lang='lat' dir='ltr'>et</span> <span class='ocrx_word' id='word_1_130' title='bbox 905 1519 1106 1604; x_wconf 72' lang='lat' dir='ltr'>somniandi,</span> <span class='ocrx_word' id='word_1_131' title='bbox 1131 1519 1165 1582; x_wconf 88' lang='lat' dir='ltr'>de</span> <span class='ocrx_word' id='word_1_132' title='bbox 1176 1535 1195 1576; x_wconf 82' lang='lat'>1⁵</span> 
     </span>
     <span class='ocr_line' id='line_1_17' title="bbox 165 1605 1166 1692; baseline -0.002 -20"><span class='ocrx_word' id='word_1_133' title='bbox 165 1608 295 1692; x_wconf 90' lang='lat' dir='ltr'>quibus,</span> <span class='ocrx_word' id='word_1_134' title='bbox 317 1606 448 1690; x_wconf 84' lang='lat' dir='ltr'>Quinte,</span> <span class='ocrx_word' id='word_1_135' title='bbox 469 1607 615 1691; x_wconf 88' lang='lat' dir='ltr'>inquam,</span> <span class='ocrx_word' id='word_1_136' title='bbox 638 1607 666 1672; x_wconf 83' lang='lat' dir='ltr'>si</span> <span class='ocrx_word' id='word_1_137' title='bbox 692 1607 813 1692; x_wconf 88' lang='lat' dir='ltr'>placet,</span> <span class='ocrx_word' id='word_1_138' title='bbox 836 1607 1043 1672; x_wconf 88' lang='lat' dir='ltr'>disseramus.</span> <span class='ocrx_word' id='word_1_139' title='bbox 1089 1605 1166 1672; x_wconf 86' lang='lat' dir='ltr'>Mihi</span> 
     </span>
     <span class='ocr_line' id='line_1_18' title="bbox 164 1694 1165 1780; baseline -0.001 -19"><span class='ocrx_word' id='word_1_140' title='bbox 164 1717 255 1780; x_wconf 84' lang='lat' dir='ltr'>vero,</span> <span class='ocrx_word' id='word_1_141' title='bbox 277 1695 392 1780; x_wconf 91' lang='lat' dir='ltr'>inquit,</span> <span class='ocrx_word' id='word_1_142' title='bbox 415 1695 536 1780; x_wconf 72' lang='lat' dir='ltr'>placet,</span> <span class='ocrx_word' id='word_1_143' title='bbox 557 1695 609 1759; x_wconf 87' lang='lat' dir='ltr'>his</span> <span class='ocrx_word' id='word_1_144' title='bbox 633 1694 727 1778; x_wconf 87' lang='lat' dir='ltr'>enim,</span> <span class='ocrx_word' id='word_1_145' title='bbox 750 1716 832 1779; x_wconf 88' lang='lat' dir='ltr'>quae</span> <span class='ocrx_word' id='word_1_146' title='bbox 855 1695 960 1760; x_wconf 87' lang='lat' dir='ltr'>adhuc</span> <span class='ocrx_word' id='word_1_147' title='bbox 984 1695 1165 1780; x_wconf 83' lang='lat' dir='ltr'>disputasti,</span> 
     </span>
     <span class='ocr_line' id='line_1_19' title="bbox 163 1783 1165 1869; baseline -0.003 -21"><span class='ocrx_word' id='word_1_148' title='bbox 163 1805 296 1869; x_wconf 87' lang='lat' dir='ltr'>prorsus</span> <span class='ocrx_word' id='word_1_149' title='bbox 320 1783 496 1866; x_wconf 88' lang='lat' dir='ltr'>adsentior,</span> <span class='ocrx_word' id='word_1_150' title='bbox 519 1785 566 1866; x_wconf 92' lang='lat' dir='ltr'>et,</span> <span class='ocrx_word' id='word_1_151' title='bbox 588 1803 662 1848; x_wconf 85' lang='lat' dir='ltr'>vere</span> <span class='ocrx_word' id='word_1_152' title='bbox 684 1786 722 1847; x_wconf 92' lang='lat' dir='ltr'>ut</span> <span class='ocrx_word' id='word_1_153' title='bbox 743 1783 868 1866; x_wconf 89' lang='lat' dir='ltr'>loquar,</span> <span class='ocrx_word' id='word_1_154' title='bbox 891 1804 1093 1868; x_wconf 87' lang='lat' dir='ltr'>quamquam</span> <span class='ocrx_word' id='word_1_155' title='bbox 1114 1788 1165 1846; x_wconf 90' lang='lat' dir='ltr'>tua</span> 
     </span>
     <span class='ocr_line' id='line_1_20' title="bbox 163 1870 1165 1955; baseline -0.001 -19"><span class='ocrx_word' id='word_1_156' title='bbox 163 1894 216 1936; x_wconf 91' lang='lat' dir='ltr'>me</span> <span class='ocrx_word' id='word_1_157' title='bbox 239 1870 344 1937; x_wconf 90' lang='lat' dir='ltr'>oratio</span> <span class='ocrx_word' id='word_1_158' title='bbox 367 1870 578 1952; x_wconf 88' lang='lat' dir='ltr'>confirmavit,</span> <span class='ocrx_word' id='word_1_159' title='bbox 601 1870 827 1935; x_wconf 85' lang='lat' dir='ltr'>tamenetiam</span> <span class='ocrx_word' id='word_1_160' title='bbox 845 1891 918 1935; x_wconf 91' lang='lat' dir='ltr'>mea</span> <span class='ocrx_word' id='word_1_161' title='bbox 935 1874 1055 1955; x_wconf 89' lang='lat' dir='ltr'>sponte</span> <span class='ocrx_word' id='word_1_162' title='bbox 1074 1871 1165 1935; x_wconf 89' lang='lat' dir='ltr'>nimis</span> 
     </span>
     <span class='ocr_line' id='line_1_21' title="bbox 165 1955 1195 2044; baseline -0.001 -21"><span class='ocrx_word' id='word_1_163' title='bbox 165 1959 425 2044; x_wconf 85' lang='lat' dir='ltr'>superstitiosam</span> <span class='ocrx_word' id='word_1_164' title='bbox 455 1958 494 2024; x_wconf 90' lang='lat' dir='ltr'>de</span> <span class='ocrx_word' id='word_1_165' title='bbox 526 1957 724 2022; x_wconf 84' lang='lat' dir='ltr'>divinatione</span> <span class='ocrx_word' id='word_1_166' title='bbox 756 1955 938 2023; x_wconf 84' lang='lat' dir='ltr'>Stoicorum</span> <span class='ocrx_word' id='word_1_167' title='bbox 971 1960 1195 2023; x_wconf 71' lang='lat' dir='ltr'>sententiamrl</span> 
     </span>
     <span class='ocr_line' id='line_1_22' title="bbox 162 2043 1165 2132; baseline 0 -22"><span class='ocrx_word' id='word_1_168' title='bbox 162 2047 358 2130; x_wconf 72' lang='lat' dir='ltr'>iudicabam,</span> <span class='ocrx_word' id='word_1_169' title='bbox 379 2044 461 2111; x_wconf 89' lang='lat' dir='ltr'>haec</span> <span class='ocrx_word' id='word_1_170' title='bbox 483 2067 534 2111; x_wconf 92' lang='lat' dir='ltr'>me</span> <span class='ocrx_word' id='word_1_171' title='bbox 552 2043 841 2129; x_wconf 86' lang='lat' dir='ltr'>Peripateticorum</span> <span class='ocrx_word' id='word_1_172' title='bbox 863 2045 948 2110; x_wconf 88' lang='lat' dir='ltr'>ratio</span> <span class='ocrx_word' id='word_1_173' title='bbox 971 2045 1083 2132; x_wconf 86' lang='lat' dir='ltr'>magis</span> <span class='ocrx_word' id='word_1_174' title='bbox 1106 2066 1165 2110; x_wconf 83' lang='lat' dir='ltr'>mo</span> 
     </span>
     <span class='ocr_line' id='line_1_23' title="bbox 163 2132 1165 2217; baseline 0 -20"><span class='ocrx_word' id='word_1_175' title='bbox 163 2134 260 2198; x_wconf 87' lang='lat' dir='ltr'>vebat</span> <span class='ocrx_word' id='word_1_176' title='bbox 287 2137 321 2198; x_wconf 88' lang='lat' dir='ltr'>et</span> <span class='ocrx_word' id='word_1_177' title='bbox 345 2134 465 2198; x_wconf 83' lang='lat' dir='ltr'>veteris</span> <span class='ocrx_word' id='word_1_178' title='bbox 487 2132 677 2198; x_wconf 88' lang='lat' dir='ltr'>Dicaearchi</span> <span class='ocrx_word' id='word_1_179' title='bbox 705 2137 738 2198; x_wconf 90' lang='lat' dir='ltr'>et</span> <span class='ocrx_word' id='word_1_180' title='bbox 765 2134 848 2216; x_wconf 85' lang='lat' dir='ltr'>eius,</span> <span class='ocrx_word' id='word_1_181' title='bbox 875 2133 931 2217; x_wconf 90' lang='lat' dir='ltr'>qui</span> <span class='ocrx_word' id='word_1_182' title='bbox 956 2154 1044 2199; x_wconf 89' lang='lat' dir='ltr'>nunc</span> <span class='ocrx_word' id='word_1_183' title='bbox 1066 2135 1165 2214; x_wconf 88' lang='lat' dir='ltr'>floret,</span> 
     </span>
     <span class='ocr_line' id='line_1_24' title="bbox 164 2219 1164 2306; baseline -0.002 -20"><span class='ocrx_word' id='word_1_184' title='bbox 164 2219 321 2306; x_wconf 82' lang='lat' dir='ltr'>Cratippi,</span> <span class='ocrx_word' id='word_1_185' title='bbox 344 2221 400 2305; x_wconf 91' lang='lat' dir='ltr'>qui</span> <span class='ocrx_word' id='word_1_186' title='bbox 421 2225 552 2287; x_wconf 89' lang='lat' dir='ltr'>censent</span> <span class='ocrx_word' id='word_1_187' title='bbox 575 2241 644 2286; x_wconf 87' lang='lat' dir='ltr'>esse</span> <span class='ocrx_word' id='word_1_188' title='bbox 666 2220 701 2285; x_wconf 88' lang='lat' dir='ltr'>in</span> <span class='ocrx_word' id='word_1_189' title='bbox 718 2221 881 2286; x_wconf 84' lang='lat' dir='ltr'>mentibus</span> <span class='ocrx_word' id='word_1_190' title='bbox 899 2221 1070 2285; x_wconf 91' lang='lat' dir='ltr'>hominnm</span> <span class='ocrx_word' id='word_1_191' title='bbox 1089 2226 1164 2286; x_wconf 87' lang='lat' dir='ltr'>tam·</span> 
     </span>
     <span class='ocr_line' id='line_1_25' title="bbox 164 2307 1194 2463; baseline -0.01 -3"><span class='ocrx_word' id='word_1_192' title='bbox 164 2308 657 2463; x_wconf 59' lang='lat' dir='ltr'>{litteratulus</span> <span class='ocrx_word' id='word_1_193' title='bbox 676 2307 907 2461; x_wconf 53' lang='lat' dir='ltr'>attritu</span> <span class='ocrx_word' id='word_1_194' title='bbox 909 2308 1164 2461; x_wconf 62' lang='lat' dir='ltr'>ustulata</span> <span class='ocrx_word' id='word_1_195' title='bbox 1174 2409 1194 2452; x_wconf 63' lang='lat' dir='ltr'>a</span> 
     </span>
     <span class='ocr_line' id='line_1_26' title="bbox 162 2482 1164 2569; baseline -0.003 -21"><span class='ocrx_word' id='word_1_196' title='bbox 162 2487 216 2548; x_wconf 88' lang='lat' dir='ltr'>tus</span> <span class='ocrx_word' id='word_1_197' title='bbox 240 2485 345 2550; x_wconf 89' lang='lat' dir='ltr'>solute</span> <span class='ocrx_word' id='word_1_198' title='bbox 368 2487 537 2549; x_wconf 88' lang='lat' dir='ltr'>moveatur</span> <span class='ocrx_word' id='word_1_199' title='bbox 560 2505 597 2548; x_wconf 90' lang='lat' dir='ltr'>ac</span> <span class='ocrx_word' id='word_1_200' title='bbox 615 2483 724 2548; x_wconf 89' lang='lat' dir='ltr'>libere.</span> <span class='ocrx_word' id='word_1_201' title='bbox 759 2483 821 2548; x_wconf 89' lang='lat' dir='ltr'>His</span> <span class='ocrx_word' id='word_1_202' title='bbox 841 2482 880 2548; x_wconf 92' lang='lat' dir='ltr'>de</span> <span class='ocrx_word' id='word_1_203' title='bbox 898 2483 1073 2569; x_wconf 80' lang='lat' dir='ltr'>generibus</span> <span class='ocrx_word' id='word_1_204' title='bbox 1093 2483 1164 2568; x_wconf 89' lang='lat' dir='ltr'>quid</span> 
     </span>
     <span class='ocr_line' id='line_1_27' title="bbox 164 2570 1163 2658; baseline -0.004 -22"><span class='ocrx_word' id='word_1_205' title='bbox 164 2572 284 2636; x_wconf 86' lang='lat' dir='ltr'>senties</span> <span class='ocrx_word' id='word_1_206' title='bbox 311 2575 345 2637; x_wconf 90' lang='lat' dir='ltr'>et</span> <span class='ocrx_word' id='word_1_207' title='bbox 368 2571 483 2658; x_wconf 88' lang='lat' dir='ltr'>quibus</span> <span class='ocrx_word' id='word_1_208' title='bbox 507 2593 545 2636; x_wconf 86' lang='lat' dir='ltr'>ea</span> <span class='ocrx_word' id='word_1_209' title='bbox 566 2570 747 2658; x_wconf 85' lang='lat' dir='ltr'>rationibus</span> <span class='ocrx_word' id='word_1_210' title='bbox 769 2571 926 2655; x_wconf 87' lang='lat' dir='ltr'>infirmes,</span> <span class='ocrx_word' id='word_1_211' title='bbox 954 2571 1067 2636; x_wconf 89' lang='lat' dir='ltr'>audire</span> <span class='ocrx_word' id='word_1_212' title='bbox 1091 2591 1163 2636; x_wconf 87' lang='lat' dir='ltr'>sane</span> 
     </span>
     <span class='ocr_line' id='line_1_28' title="bbox 163 2659 659 2724; baseline -0.008 -2"><span class='ocrx_word' id='word_1_213' title='bbox 163 2659 270 2724; x_wconf 80' lang='lat' dir='ltr'>velim.</span> <span class='ocrx_word' id='word_1_214' title='bbox 312 2664 314 2670; x_wconf 86' lang='grc'><strong>’</strong></span> <span class='ocrx_word' id='word_1_215' title='bbox 658 2715 659 2718; x_wconf 74' lang='grc'>,</span> 
     </span>
    </p>

    <p class='ocr_par' dir='ltr' id='par_1_10' title="bbox 110 2717 1214 3532">
     <span class='ocr_line' id='line_1_29' title="bbox 110 2717 1214 2843; baseline -0.004 -31"><span class='ocrx_word' id='word_1_216' title='bbox 110 2717 162 2843; x_wconf 54' lang='lat'>,³091</span> <span class='ocrx_word' id='word_1_217' title='bbox 230 2746 319 2822; x_wconf 83' lang='lat' dir='ltr'>Quae</span> <span class='ocrx_word' id='word_1_218' title='bbox 346 2769 419 2812; x_wconf 88' lang='lat' dir='ltr'>cum</span> <span class='ocrx_word' id='word_1_219' title='bbox 440 2745 498 2810; x_wconf 89' lang='lat' dir='ltr'>ille</span> <span class='ocrx_word' id='word_1_220' title='bbox 521 2745 666 2828; x_wconf 84' lang='lat' dir='ltr'>dixisset,</span> <span class='ocrx_word' id='word_1_221' title='bbox 696 2749 767 2811; x_wconf 93' lang='lat' dir='ltr'>tum</span> <span class='ocrx_word' id='word_1_222' title='bbox 790 2767 850 2832; x_wconf 86' lang='lat' dir='ltr'>ego</span> <span class='ocrx_word' id='word_1_223' title='bbox 873 2769 985 2811; x_wconf 90' lang='lat' dir='ltr'>rursus</span> <span class='ocrx_word' id='word_1_224' title='bbox 1008 2747 1105 2830; x_wconf 86' lang='lat' dir='ltr'>quasi</span> <span class='ocrx_word' id='word_1_225' title='bbox 1126 2744 1163 2811; x_wconf 89' lang='lat' dir='ltr'>ab</span> <span class='ocrx_word' id='word_1_226' title='bbox 1213 2825 1214 2830; x_wconf 8' lang='grc' dir='ltr'>ἵ</span> 
     </span>
     <span class='ocr_line' id='line_1_30' title="bbox 164 2833 1194 2920; baseline 0.001 -22"><span class='ocrx_word' id='word_1_227' title='bbox 164 2834 229 2898; x_wconf 88' lang='lat' dir='ltr'>alio</span> <span class='ocrx_word' id='word_1_228' title='bbox 247 2834 406 2919; x_wconf 90' lang='lat' dir='ltr'>principio</span> <span class='ocrx_word' id='word_1_229' title='bbox 421 2855 492 2898; x_wconf 89' lang='lat' dir='ltr'>sum</span> <span class='ocrx_word' id='word_1_230' title='bbox 507 2855 639 2899; x_wconf 87' lang='lat' dir='ltr'>exorsus</span> <span class='ocrx_word' id='word_1_231' title='bbox 653 2834 770 2900; x_wconf 88' lang='lat' dir='ltr'>dicere:</span> <span class='ocrx_word' id='word_1_232' title='bbox 793 2833 869 2900; x_wconf 90' lang='lat' dir='ltr'>Non</span> <span class='ocrx_word' id='word_1_233' title='bbox 882 2835 1007 2920; x_wconf 83' lang='lat' dir='ltr'>ignoro,</span> <span class='ocrx_word' id='word_1_234' title='bbox 1025 2835 1163 2919; x_wconf 83' lang='lat' dir='ltr'>inquam,</span> <span class='ocrx_word' id='word_1_235' title='bbox 1173 2848 1194 2888; x_wconf 77' lang='lat'>³⁰</span> 
     </span>
     <span class='ocr_line' id='line_1_31' title="bbox 163 2918 1163 3007; baseline 0 -23"><span class='ocrx_word' id='word_1_236' title='bbox 163 2918 290 3004; x_wconf 82' lang='lat' dir='ltr'>Quinte,</span> <span class='ocrx_word' id='word_1_237' title='bbox 312 2925 346 2986; x_wconf 87' lang='lat' dir='ltr'>te</span> <span class='ocrx_word' id='word_1_238' title='bbox 369 2943 496 3007; x_wconf 85' lang='lat' dir='ltr'>semper</span> <span class='ocrx_word' id='word_1_239' title='bbox 518 2922 566 2986; x_wconf 90' lang='lat' dir='ltr'>ita</span> <span class='ocrx_word' id='word_1_240' title='bbox 586 2921 733 3005; x_wconf 88' lang='lat' dir='ltr'>sensisse,</span> <span class='ocrx_word' id='word_1_241' title='bbox 755 2926 792 2987; x_wconf 90' lang='lat' dir='ltr'>ut</span> <span class='ocrx_word' id='word_1_242' title='bbox 810 2922 849 2986; x_wconf 92' lang='lat' dir='ltr'>de</span> <span class='ocrx_word' id='word_1_243' title='bbox 867 2922 982 2986; x_wconf 89' lang='lat' dir='ltr'>ceteris</span> <span class='ocrx_word' id='word_1_244' title='bbox 1002 2921 1163 2988; x_wconf 84' lang='lat' dir='ltr'>divinandi</span> 
     </span>
     <span class='ocr_line' id='line_1_32' title="bbox 163 3008 1162 3162; baseline 0.001 -1"><span class='ocrx_word' id='word_1_245' title='bbox 163 3008 1162 3162; x_wconf 49' lang='lat' dir='ltr'>tfllfitthlltlhzttethaldus,wanted</span> 
     </span>
     <span class='ocr_line' id='line_1_33' title="bbox 162 3118 1214 3270; baseline 0 -22"><span class='ocrx_word' id='word_1_246' title='bbox 162 3187 229 3269; x_wconf 88' lang='lat' dir='ltr'>tur,</span> <span class='ocrx_word' id='word_1_247' title='bbox 256 3184 295 3250; x_wconf 92' lang='lat' dir='ltr'>de</span> <span class='ocrx_word' id='word_1_248' title='bbox 317 3185 390 3250; x_wconf 88' lang='lat' dir='ltr'>istis</span> <span class='ocrx_word' id='word_1_249' title='bbox 413 3185 493 3269; x_wconf 87' lang='lat' dir='ltr'>ipsis</span> <span class='ocrx_word' id='word_1_250' title='bbox 517 3185 641 3249; x_wconf 89' lang='lat' dir='ltr'>duobus</span> <span class='ocrx_word' id='word_1_251' title='bbox 664 3121 834 3270; x_wconf 66' lang='lat' dir='ltr'>geneiilius</span> <span class='ocrx_word' id='word_1_252' title='bbox 857 3148 939 3249; x_wconf 85' lang='lat' dir='ltr'>mihi</span> <span class='ocrx_word' id='word_1_253' title='bbox 961 3185 1041 3268; x_wconf 89' lang='lat' dir='ltr'>quid</span> <span class='ocrx_word' id='word_1_254' title='bbox 1062 3118 1161 3250; x_wconf 65' lang='lat' dir='ltr'>ridegd-</span> <span class='ocrx_word' id='word_1_255' title='bbox 1213 3151 1214 3240; x_wconf 76' lang='lat' dir='ltr'>l</span> 
     </span>
     <span class='ocr_line' id='line_1_34' title="bbox 162 3269 1214 3356; baseline 0.002 -20"><span class='ocrx_word' id='word_1_256' title='bbox 162 3275 229 3354; x_wconf 89' lang='lat' dir='ltr'>tur,</span> <span class='ocrx_word' id='word_1_257' title='bbox 252 3272 281 3335; x_wconf 88' lang='lat' dir='ltr'>si</span> <span class='ocrx_word' id='word_1_258' title='bbox 302 3273 406 3356; x_wconf 79' lang='lat' dir='ltr'>priua,</span> <span class='ocrx_word' id='word_1_259' title='bbox 430 3275 463 3336; x_wconf 90' lang='lat' dir='ltr'>et</span> <span class='ocrx_word' id='word_1_260' title='bbox 485 3269 667 3337; x_wconf 85' lang='lat' dir='ltr'>Stoicorum</span> <span class='ocrx_word' id='word_1_261' title='bbox 689 3272 851 3338; x_wconf 91' lang='lat' dir='ltr'>conclusio</span> <span class='ocrx_word' id='word_1_262' title='bbox 874 3272 1020 3338; x_wconf 81' lang='lat' dir='ltr'>rationis</span> <span class='ocrx_word' id='word_1_263' title='bbox 1035 3277 1070 3338; x_wconf 93' lang='lat' dir='ltr'>et</span> <span class='ocrx_word' id='word_1_264' title='bbox 1091 3271 1214 3338; x_wconf 69' lang='lat' dir='ltr'>Ora-³⁵}</span> 
     </span>
     <span class='ocr_line' id='line_1_35' title="bbox 162 3358 1214 3448; baseline -0.001 -26"><span class='ocrx_word' id='word_1_265' title='bbox 162 3358 246 3442; x_wconf 88' lang='lat' dir='ltr'>tippi</span> <span class='ocrx_word' id='word_1_266' title='bbox 280 3360 386 3424; x_wconf 89' lang='lat' dir='ltr'>nostri</span> <span class='ocrx_word' id='word_1_267' title='bbox 421 3358 499 3442; x_wconf 90' lang='lat' dir='ltr'>quid</span> <span class='ocrx_word' id='word_1_268' title='bbox 534 3359 658 3443; x_wconf 82' lang='lat' dir='ltr'>valeat,</span> <span class='ocrx_word' id='word_1_269' title='bbox 694 3359 813 3425; x_wconf 86' lang='lat' dir='ltr'>videro.</span> <span class='ocrx_word' id='word_1_270' title='bbox 861 3360 984 3426; x_wconf 85' lang='lat' dir='ltr'>Dixisti</span> <span class='ocrx_word' id='word_1_271' title='bbox 1016 3361 1101 3425; x_wconf 91' lang='lat' dir='ltr'>enim</span> <span class='ocrx_word' id='word_1_272' title='bbox 1130 3361 1160 3422; x_wconf 86' lang='lat' dir='ltr'>et</span> <span class='ocrx_word' id='word_1_273' title='bbox 1213 3389 1214 3448; x_wconf 62' lang='lat'>3</span> 
     </span>
     <span class='ocr_line' id='line_1_36' title="bbox 163 3442 1214 3532; baseline 0.003 -23"><span class='ocrx_word' id='word_1_274' title='bbox 163 3442 379 3529; x_wconf 80' lang='lat' dir='ltr'>Chrysippum</span> <span class='ocrx_word' id='word_1_275' title='bbox 411 3443 651 3530; x_wconf 72' lang='lat' dir='ltr'>ermogenem</span> <span class='ocrx_word' id='word_1_276' title='bbox 678 3450 711 3510; x_wconf 89' lang='lat' dir='ltr'>et</span> <span class='ocrx_word' id='word_1_277' title='bbox 738 3446 950 3532; x_wconf 83' lang='lat' dir='ltr'>Antipatrum</span> <span class='ocrx_word' id='word_1_278' title='bbox 976 3448 1159 3514; x_wconf 85' lang='lat' dir='ltr'>concludere</span> <span class='ocrx_word' id='word_1_279' title='bbox 1213 3449 1214 3460; x_wconf 52' lang='lat'>³</span> 
     </span>
    </p>
   </div>
   <div class='ocr_carea' id='block_1_4' title="bbox 0 0 1230 3938">
    <p class='ocr_par' dir='ltr' id='par_1_11' title="bbox 0 0 1230 3938">
     <span class='ocr_line' id='line_1_37' title="bbox 0 0 1230 3938; baseline 0 1"><span class='ocrx_word' id='word_1_280' title='bbox 0 0 1230 3938; x_wconf 95' lang='lat' dir='ltr'> </span> 
     </span>
    </p>
   </div>
  </div>
 </body>
</html>
