2452 3938
269 191 337 247 ΜΒ.
355 192 390 246 11.
410 191 485 247 cAP.
504 197 618 248 rs-ar.
637 196 652 257 a
671 195 784 246 45-49.
965 189 1030 254 213

58 334 155 398 senari
175 335 448 420 animadvertique
465 338 649 418 potuerunt.
685 332 807 399 Nattae
825 354 902 399 vero
921 335 1032 398 statua

57 426 98 486 aut
120 444 188 489 aera
214 425 324 509 legum
351 424 390 487 de
414 422 502 487 caelo
525 425 614 487 tacta
637 422 715 507 quid
736 422 859 486 habent
882 423 1031 488 observa·

17 531 19 594 l
56 515 107 574 tun
127 533 159 576 ac
175 511 360 577 vetustum?
381 509 505 574 Pinarii
518 509 640 575 Nattae
658 509 799 593 nobiles3
821 509 1030 576 anobilitate

18 601 19 646 ἴ
55 597 133 682 igitur
156 599 341 684 periculum.
383 597 453 663 Hoc
479 601 549 663 tam
572 598 687 663 callide
705 598 851 682 Iuppiter
870 598 1031 684 excogita-

17 685 99 748 -tritl
128 686 281 752 Romulus
304 688 430 752 lactens
451 685 587 750 fulmine
609 687 707 769 ictus,
729 687 803 750 urbi
824 686 927 772 igitur
948 685 1031 771 peri·

54 773 138 838 culum
159 775 352 859 ostenditur,
375 773 405 838 ei
428 795 525 858 quam
548 774 604 838 ille
627 775 779 839 condidit.
825 772 928 848 Quam
951 773 1031 838 scite

53 882 95 944 per
111 867 200 927 notas
222 883 282 928 nos
306 861 459 928 certiores
476 861 555 927 facit
568 861 728 947 Iuppiter!
754 861 802 925 At
821 860 932 926 eodem
950 864 1030 924 tem-

52 970 110 1032 pore
130 951 255 1036 signnm
278 949 366 1015 Iovis
389 950 634 1034 conlocabatur,
661 971 725 1033 quo
748 949 927 1014 coniuratio
950 948 1030 1012 indi·

53 1037 168 1104 sabatur.
203 1038 248 1103 Et
270 1043 308 1103 tu
331 1037 454 1103 scilicet
476 1037 579 1102 mavis
601 1037 733 1102 numine
756 1037 888 1102 deorum
910 1035 944 1100 id
966 1035 1030 1100 fac·

29 1137 44 1178 1⁰
52 1127 103 1188 tum
122 1147 215 1210 qnam
233 1147 310 1192 casu
329 1125 491 1210 arbitrari,
510 1129 543 1190 et
560 1125 754 1215 redemptor,
773 1125 828 1210 qui
846 1124 1030 1190 columnam

51 1211 121 1278 illam
142 1215 178 1279 de
201 1213 301 1280 Cotta
323 1217 356 1278 et
379 1213 418 1278 de
435 1213 600 1299 Torquato
623 1213 820 1279 conduxerat
841 1211 1030 1296 faciendam,

18 1331 19 1352 2
50 1319 98 1364 nou
115 1302 231 1368 inertia
253 1306 310 1367 aut
331 1301 442 1386 inopia
463 1301 587 1366 tardior
607 1301 680 1386 fuit,
703 1302 760 1367 sed
782 1322 802 1366 a
824 1301 892 1366 deis
912 1300 1031 1366 inmor-

18 1403 19 1440 1
51 1387 146 1453 talibus
168 1390 209 1455 ad
233 1390 331 1455 istam
353 1389 469 1454 horam
491 1393 674 1454 reservatus
694 1394 752 1455 est.
789 1387 865 1454 Non
883 1389 1031 1473 equidem
1049 1404 1084 1455 48

18 1493 19 1496 ¹
50 1475 124 1556 plane
145 1479 281 1564 despero
303 1479 369 1542 ista
392 1498 463 1542 esse
484 1498 575 1562 vera,
602 1477 658 1542 sed
679 1478 788 1542 nescio
812 1481 845 1542 et
868 1477 988 1542 discere
1012 1499 1032 1541 a

18 1565 73 1625 tte
90 1565 164 1630 volo.
195 1565 284 1631 Nam
308 1587 380 1630 cum
402 1565 485 1630 mihi
507 1565 664 1650 quaedam
687 1587 764 1630 casu
781 1565 966 1629 viderentur
985 1565 1031 1628 sio

17 1669 19 1704 ὲ
50 1653 166 1735 evenire,
196 1658 237 1718 ut
267 1653 434 1738 praedicta
465 1656 573 1718 essent
603 1675 623 1717 a
655 1651 888 1736 divinantibus,
920 1651 1031 1716 dixisti

17 1757 19 1822 l
49 1740 131 1805 multa
152 1742 191 1807 de
216 1762 301 1824 casu,
323 1745 361 1805 ut
377 1740 552 1806 Venerium
574 1739 637 1806 iaci
657 1761 754 1824 posse
777 1761 854 1804 casu
876 1742 1031 1824 quattuor

49 1828 107 1892 talis
119 1830 223 1913 iactis,
236 1829 292 1895 sed
305 1829 550 1915 quadringentis
560 1826 850 1894 centumVenerios
860 1849 926 1892 non
934 1848 1031 1912 posse

49 1934 107 1981 casu
126 1919 311 1983 consistere.
347 1917 492 1981 Primum
515 1916 632 1999 nescia,
656 1937 711 1982 cur
732 1915 951 2001 nonpossint,
975 1915 1030 1980 sed

24 2011 97 2068 tucn
111 2028 234 2093 pugn03
257 2005 401 2070 abundas
421 2005 507 2070 enim
526 2005 694 2070 similibus.
728 2002 839 2070 Habes
858 2008 891 2069 et
908 2025 1031 2089 resper-

17 2129 19 2134 ,
48 2091 150 2158 sionem
167 2096 411 2180 pigmentorum
429 2097 463 2158 et
480 2097 623 2158 rostrum
642 2093 708 2158 suis
728 2096 761 2158 et
780 2093 845 2158 alia
860 2093 1031 2178 permulta.

47 2174 118 2246 Idem
131 2181 331 2248 Carneadem
353 2182 476 2267 fingere
499 2181 578 2246 dicis
597 2181 636 2246 de
654 2181 759 2267 capite
773 2180 915 2265 Panisci;
938 2181 1031 2266 quasi

46 2284 96 2331 non
123 2271 267 2355 potuerit
297 2270 332 2335 id
361 2269 488 2334 evenire
517 2290 593 2334 casu
619 2271 652 2334 et
678 2291 745 2335 non
772 2270 806 2333 in
834 2269 922 2334 omni
948 2291 1031 2333 mar·

47 2373 117 2422 nore
133 2379 264 2425 necesse
284 2359 328 2422 sit
345 2358 450 2422 inesse
469 2357 521 2421 vel
534 2356 711 2422 Praxitelia
725 2357 846 2442 capita!
869 2356 932 2420 llla
946 2357 1031 2420 enim

22 2439 103 2524 'lipsa
115 2445 297 2512 efficiuntur
311 2445 517 2530 detractione,
534 2465 638 2528 neque
652 2444 823 2529 quicquam
836 2443 915 2508 illuc
930 2442 1031 2508 adfer-

47 2530 89 2594 tur
111 2555 130 2597 a
150 2534 329 2617 Praxitele3
358 2533 415 2598 sed
441 2529 513 2598 cum
541 2533 646 2598 multa
669 2535 745 2598 sunt
767 2531 913 2596 detracta
936 2535 968 2596 et
991 2529 1033 2595 ad

46 2615 220 2686 liniamenta
248 2621 313 2686 oris
339 2625 530 2705 perventum
557 2624 620 2706 est,
647 2623 718 2685 tum
743 2619 919 2704 intellegas
941 2618 1031 2702 illud,

47 2708 208 2786 quodiam
237 2708 413 2793 expolitum
441 2709 498 2793 sit,
523 2707 611 2773 intus
626 2708 748 2793 inisse.
788 2707 903 2772 Potest
929 2706 1031 2792 igitur
1049 2719 1096 2772 49.

46 2794 98 2858 tale
123 2796 247 2882 aliquid
275 2796 374 2860 etiam
397 2817 455 2860 sua
478 2800 594 2880 sponte
615 2796 650 2860 in
671 2795 854 2882 lapicidinis
877 2793 1033 2860 Chiorum

19 2884 183 2950 ”extitisse
220 2881 283 2949 Sed
306 2882 433 2948 sithoc
455 2883 579 2967 fictum3
603 2883 701 2968 quid?
723 2883 758 2949 in
779 2883 920 2948 nubibus
942 2907 1033 2949 num-

45 2989 126 3051 quam
144 2971 404 3039 animadvertisti
421 2970 524 3036 leonis
540 2971 679 3037 formam
694 2975 750 3036 aut
763 2972 1032 3057 hippocentauri?

44 3053 142 3154 l'otest
167 3062 282 3148 igitur,
315 3059 401 3144 quod
426 3059 523 3125 modo
548 3059 708 3146 negabas,
739 3059 912 3126 veritatem
939 3082 1031 3126 casus

44 3147 160 3215 mitari.
279 3210 281 3214 .

97 3233 158 3302 Sed
185 3235 337 3322 quoniam
364 3235 403 3302 de
431 3235 513 3301 extis
539 3239 573 3302 et
600 3235 638 3302 de
664 3233 848 3323 fulgoribus
876 3234 956 3298 satis
980 3233 1084 3298 est22

19 3316 243 3410 ”disputatum
273 3328 401 3390 ostenta
430 3327 568 3408 restant,
596 3328 634 3389 ut
660 3328 732 3390 tota
758 3322 965 3408 haruspicina
987 3321 1031 3423 sit

44 3412 802 3586 ppffippgpgpaqquqqn{3033qung
818 3415 860 3562 t·
875 3409 1033 3562 illd
