2452 3938
156 193 220 260 268
420 251 424 256 ,
576 193 624 248 ΒΕ
643 191 738 248 FATO

155 341 226 422 est,
272 337 513 402 extrinsecus
553 337 679 421 pulsa,
720 336 818 421 quod
859 337 1049 421 reliquum
1087 340 1151 420 est,

155 429 292 510 suapte
315 425 353 490 vi
375 429 414 490 et
435 428 575 490 natura
598 424 825 490 movebitur.
863 423 1009 500 Quodsi
1030 423 1151 508 aliqua

155 533 216 578 res
240 512 467 578 efficeretur
490 513 572 578 sine
596 534 710 578 eausa
733 513 999 596 antecedente,
1020 511 1150 577 falsum
1214 503 1215 560 i

156 605 260 666 esset
283 601 410 666 omnia
431 600 515 666 fato
537 601 644 685 fieri,
668 601 728 666 sin
746 600 943 685 omnibus,
965 623 1150 684 quaecum-

157 712 228 774 que
254 689 371 772 fiunt,
398 689 481 754 veri
509 689 635 753 simile
664 693 723 752 est
745 709 899 754 causam
922 688 1150 770 antecedere,
1178 710 1190 749 5

157 777 248 861 quid
271 777 418 843 adferri
440 777 603 862 poterit,
631 798 696 842 eur
719 799 793 842 non
817 777 944 842 omnia
966 777 1049 842 fato
1070 775 1152 840 fieri

156 865 356 932 fatendum
374 865 449 931 sit‘?
468 865 577 931 modo
596 865 869 950 intellegatur,
892 887 989 949 quae
1009 865 1061 930 sit
1077 887 1153 930 cau-

104 968 138 1016 44
158 975 285 1021 aarum
315 954 520 1019 distinctio
551 975 592 1019 ao
622 952 925 1019 dissimilitudo.'
970 953 1060 1018 Haec
1089 975 1153 1018 cum

155 1043 204 1107 ita
227 1044 294 1108 sint
316 1066 336 1108 a
357 1041 539 1127 Chrysippo
564 1042 733 1126 explicata,
757 1041 785 1105 si
806 1041 864 1125 illi,
888 1041 944 1125 qui
966 1045 1087 1128 negant
1108 1041 1155 1105 ad-

157 1131 322 1197 sensiones
348 1130 418 1196 fato
445 1130 530 1213 fieri,
557 1129 764 1212 †fateantur
790 1132 901 1193 tamen
928 1151 983 1194 eas
1006 1150 1071 1195 non
1093 1129 1154 1193 sine
1169 1151 1190 1188 ιο

156 1218 227 1284 viso
247 1218 455 1283 antecedente
472 1217 553 1301 fieri,
576 1217 642 1282 alia
660 1217 744 1282 ratio
763 1220 826 1301 est3
850 1217 915 1301 sed,
939 1217 968 1281 si
986 1217 1157 1283 concedunt

157 1306 280 1370 anteire
307 1306 391 1388 visa,
420 1326 478 1371 nee
505 1307 616 1370 tamen
641 1305 712 1370 fato
734 1305 805 1369 fieri
828 1305 1050 1391 adsensiones,
1078 1305 1157 1389 quod

156 1394 304 1480 proxima
332 1394 392 1458 illa
422 1397 455 1458 et
484 1393 652 1458 continens
680 1415 778 1459 causa
802 1414 869 1458 non
896 1397 1029 1459 moveat
1055 1394 1158 1458 adsen-

158 1482 294 1566 sionem,
321 1481 408 1566 vide,
434 1503 475 1546 ne
497 1481 583 1546 idem
607 1481 724 1546 dicant.
766 1479 880 1565 Neque
903 1482 990 1546 enim
1014 1480 1158 1566 Chrysip-

156 1593 232 1655 pus,
260 1570 435 1636 concedens
459 1569 660 1635 adsensionis
682 1569 865 1654 proximam
889 1573 922 1634 et
945 1570 1157 1635 continentem
1170 1585 1191 1627 n

158 1681 288 1725 oausam
321 1680 391 1724 esse
422 1659 457 1724 in
485 1658 556 1723 viso
584 1657 739 1743 positam,
772 1660 901 1742 [neque]
933 1679 1005 1722 eam
1035 1681 1158 1724 causam

158 1769 227 1814 esse
260 1747 302 1812 ad
333 1746 578 1813 adsentiendum
609 1747 825 1812 necessariam
857 1747 1025 1831 concedet,
1055 1751 1103 1829 ut,
1133 1746 1159 1809 si

158 1835 267 1901 omnia
297 1835 366 1902 fato
396 1835 491 1918 fiant,
524 1833 632 1900 omnia
660 1834 765 1899 causis
791 1834 874 1899 fiant
902 1835 1159 1900 antecedentibus

157 1927 191 1988 et
221 1923 425 2006 necessariis,
456 1923 600 2007 itemque
631 1923 696 2006 illi,
728 1922 784 2006 qui
812 1922 853 1986 ab
880 1922 943 1988 hoc
971 1923 1160 1988 dissentiunt

158 2011 349 2077 confitentes
372 2032 437 2076 non
459 2011 530 2075 fieri
553 2011 759 2075 adsensiones
783 2009 851 2074 sine
873 2011 1099 2094 praecursione
1118 2011 1192 2076 xri-20

159 2121 282 2182 sorum,
314 2098 434 2182 dicent,
467 2099 495 2163 si
527 2099 635 2164 omnia
661 2099 731 2164 fato
758 2100 873 2162 fierent
901 2099 969 2163 eius
997 2099 1095 2182 modi,
1127 2103 1161 2162 ut

157 2186 240 2252 nihil
257 2188 350 2251 fieret
367 2187 432 2250 nisi
448 2187 694 2273 praegressione
713 2209 836 2270 causae,
860 2186 1077 2252 confitendum
1094 2208 1161 2252 esse

157 2273 227 2340 fato
249 2275 322 2340 fieri
344 2275 465 2358 omnia3
489 2296 527 2339 ex
548 2297 611 2359 quo
630 2274 726 2340 facile
744 2275 911 2340 intellectu
930 2279 990 2360 est,
1014 2275 1161 2360 quoniam

157 2364 287 2448 utrique
323 2362 488 2448 patefacta
520 2366 618 2447 atque
650 2362 810 2447 explicata
842 2363 1004 2428 sententia
1036 2385 1094 2429 sua
1124 2361 1162 2427 ad

159 2453 295 2518 eundem
318 2451 439 2517 exitum
461 2451 607 2534 veniant,
634 2451 742 2516 verbis
766 2471 835 2535 eos,
856 2472 923 2516 non
945 2473 988 2515 re¹
1004 2452 1159 2516 dissidere.
1171 2464 1190 2504 25

106 2549 140 2599 45
160 2539 362 2625 Omninoque
386 2562 458 2606 cum
480 2539 561 2604 haec
584 2539 627 2604 sit
651 2538 830 2624 distinctio,
856 2542 894 2602 ut
916 2539 1110 2623 quibusdam
1130 2540 1161 2602 in

158 2630 255 2695 rebus
285 2651 359 2694 vere
386 2628 450 2694 dici
476 2627 594 2713 possit,
627 2649 699 2691 cum
726 2627 788 2692 hae
816 2649 931 2692 causae
960 2632 1160 2714 antegressae

160 2717 235 2801 sint,
257 2739 323 2783 non
346 2737 416 2782 esse
438 2716 473 2781 in
494 2719 608 2781 nostra
630 2714 803 2800 potestate,
826 2714 904 2799 quin
925 2715 986 2780 illa
1008 2717 1161 2796 eveniant,

160 2827 297 2906 quorum
329 2826 444 2871 causae
462 2804 609 2906 fuerint,
642 2803 834 2887 quibusdam
867 2804 1017 2868 autem'
1007 2825 1042 2868 1n
1070 2763 1161 2868 rebud

160 2893 266 2958 causis
290 2893 488 2978 antegressis
511 2893 545 2956 in
567 2894 682 2956 nostra
704 2895 814 2957 tamen
837 2912 907 2957 esse
929 2913 972 2977 po
974 2895 1107 2976 t,estate
1127 2893 1189 2954 ut³⁰

127 3057 132 3064 ι
159 2979 242 3045 illud
274 2979 369 3044 aliter
401 2981 541 3064 eveniat,
573 2980 657 3045 hanc
689 2979 928 3046 distinctionem
956 2980 1086 3064 utrique
1113 2977 1159 3043 ad-

160 3068 312 3155 probant,
335 3068 391 3132 sed
410 3069 506 3133 alteri
525 3031 666 3153 densent,
689 3068 833 3152 quibus
823 3089 859 3131 111
875 3067 983 3152 rebus,
1005 3090 1078 3134 cum
1096 3087 1159 3132 cau·

161 3179 216 3222 sae
235 3157 476 3242 antecesserint,
497 3177 563 3220 non
581 3156 678 3220 sitm
695 3160 808 3222 nostra
825 3159 997 3240 potestate,
1016 3161 1054 3220 ut
1073 3156 1159 3221 aliter

160 3247 220 3311 illa
250 3244 414 3327 eveniant,
446 3265 499 3309 eas
529 3243 599 3308 fato
628 3243 713 3328 fieri,
746 3266 828 3329 quae
858 3247 913 3308 aut
915 3265 966 3309 em
993 3245 1028 3308 in
1054 3245 1157 3310 nostra

161 3337 270 3419 potest
272 3337 324 3398 ate
348 3333 422 3417 sint,
446 3330 551 3396 abus
573 3329 679 3395 fatum
703 3332 874 3397 abesse..
1167 3334 1186 3377 ³5

228 3420 300 3486 Hoc
329 3420 425 3485 modo
454 3419 538 3483 hane
570 3437 701 3484 causam
730 3420 854 3523 discept
840 3419 904 3485 tari
890 3383 1075 3506 ‘oportet
1100 3435 1157 3482 non

108 3477 143 3526 46
163 3508 205 3573 ab
233 3508 351 3574 atomis
379 3506 624 3571 errantibust
590 3509 624 3570 et
650 3507 689 3572 de
716 3508 770 3574 via
797 3509 1033 3575 declinantibus
1059 3509 1156 3594 petere
