2478 3936
286 187 354 240 nre.
373 187 408 242 11.
433 185 509 242 cnr.
530 193 642 244 12-14.
664 192 812 254 §ea-ae.
1009 187 1052 254 59

66 327 179 392 cohibet
210 333 242 394 et
264 330 417 402 continet.
462 329 619 407 Quocirca
639 353 770 397 neccsse
794 335 937 398 estesse
961 353 1053 416 quar-

64 420 122 480 tum
142 416 236 481 illum
258 422 292 482 et
316 419 510 485 altissimum
534 421 684 505 gradum,
707 441 771 504 quo
794 421 886 486 nulla
907 420 957 486 ris
980 441 1053 505 pos·

64 505 99 567 sit
127 506 281 570 accedere.
331 506 364 570 Is
396 512 506 572 autem
538 512 587 572 est
619 509 752 594 gradus,
783 508 819 573 in
849 530 913 591 quo
944 529 1053 573 rerum
1071 523 1105 572 36

62 592 193 658 omnium
218 598 338 658 natura
364 595 509 680 ponitu13
539 618 620 680 quae
648 596 799 680 quoniam
822 595 900 662 talis
924 600 987 680 est,
1016 599 1053 660 ut

41 684 88 743 tet
109 682 231 765 praesit
259 683 408 748 omnibus
436 687 469 748 et
492 706 563 749 eam
585 684 678 749 nulla
699 705 751 748 res
773 685 879 770 possit
899 683 1053 768 inpedire,

59 790 177 835 neeesse
210 774 261 834 est
293 771 539 857 intellegentem
571 793 641 837 esre
672 773 825 838 mundum
858 776 893 837 et
923 772 1053 856 quidem

59 857 146 922 etiam
169 859 359 943 sapientem.
397 857 480 935 Quid
503 864 612 925 autem
631 864 681 926 est
698 860 846 926 inscitius
865 882 963 946 quam
981 881 1053 924 eam

58 949 210 1030 naturam,
232 968 316 1030 quae
338 948 443 1012 omnis
467 969 519 1013 res
543 948 587 1012 sit
609 948 774 1033 conplexa,
796 969 863 1013 non
885 951 1054 1032 optumam

59 1032 125 1117 dici,
157 1037 229 1118 aut,
257 1057 328 1101 oum
357 1035 401 1100 sit
424 1038 570 1121 optuma,
600 1058 668 1102 non
689 1036 831 1120 primum
854 1035 1054 1102 animantem

29 1137 48 1174 1⁰
59 1143 131 1204 esse,
159 1122 274 1187 deinde
301 1123 437 1189 rationis
461 1127 494 1188 et
517 1125 645 1189 consilii
667 1126 864 1208 compotem,
886 1126 1053 1208 postremo

58 1210 251 1294 sapientem?
302 1209 364 1286 Qui
400 1212 486 1277 enim
521 1216 631 1296 potest
666 1212 763 1278 aliter
794 1233 864 1278 esse
893 1208 1052 1296 optuma?

56 1295 159 1382 Neque
183 1299 279 1382 enim,
303 1300 332 1363 si
354 1300 645 1384 stirpiumsimilis
669 1301 713 1364 sit
735 1303 792 1366 aut
815 1300 914 1365 etiam
935 1299 1053 1364 hestia·

57 1406 134 1471 rum,
171 1390 308 1471 optuma
338 1387 482 1472 putanda
514 1387 558 1452 sit
587 1388 697 1473 potius
730 1410 828 1472 quam
860 1389 1052 1473 deterruma,

56 1494 106 1538 neo
133 1497 226 1559 vero,
259 1475 288 1540 si
313 1475 450 1540 rationis
477 1477 642 1561 particeps
669 1476 712 1541 sit
738 1498 797 1542 nec
824 1477 868 1541 sit
894 1480 1006 1541 tamen
1033 1498 1053 1542 a

29 1562 206 1648 1⁵prinoipio
229 1562 368 1649 sapiens,
388 1585 455 1629 non
477 1563 521 1628 sit
539 1564 680 1630 deterior
697 1564 809 1628 mundi
826 1564 936 1648 potius
955 1585 1052 1647 quam

56 1649 192 1716 hnmana
227 1651 385 1736 condici03
419 1652 517 1718 homo
554 1653 640 1718 enim
672 1652 801 1735 sapiens
832 1651 903 1715 fieri
934 1655 1052 1735 potest,

58 1740 186 1804 nundus
215 1743 325 1804 autem
348 1739 432 1804 siin
455 1744 586 1806 aeterno
609 1739 780 1824 praeteriti
801 1739 958 1822 temporis
981 1759 1052 1822 spa-

57 1827 96 1891 tio
118 1827 182 1892 init
204 1827 374 1912 iusipiens,
395 1850 573 1912 numquam
594 1827 740 1913 profecto
764 1826 958 1911 sapientiam
980 1848 1052 1891 con·

59 1919 216 1999 sequetur3
248 1915 296 1981 ita
327 1916 389 1980 erit
419 1916 549 1982 homine
581 1916 730 1982 deterior.
780 1914 872 1991 Quod
900 1914 1053 2000 quoniam

32 2004 225 2068 aabsurdum
249 2007 308 2083 est,
331 2008 364 2068 et
387 2004 515 2090 sapiens
538 2027 559 2069 a
580 2003 740 2089 principio
763 2004 900 2070 mundus
924 2008 957 2068 et
975 2004 1053 2068 deus

58 2089 216 2158 habendus
240 2095 298 2156 est.
338 2090 451 2176 Neque
474 2093 560 2158 enim
583 2095 634 2157 est
657 2092 828 2176 quicquam
852 2091 940 2157 aliud
961 2113 1052 2176 prae
1070 2105 1103 2155 37

58 2181 101 2244 ter
123 2181 287 2264 mundum,
310 2180 361 2246 oui
382 2181 465 2246 nihil
489 2180 585 2263 absit,
608 2181 757 2264 quodque
778 2179 919 2265 undique
940 2183 1053 2264 aptum

59 2272 148 2354 atque
169 2268 349 2354 perfectum
372 2270 599 2354 expletumque
622 2269 665 2333 sit
688 2268 836 2334 omnibus
860 2268 927 2333 auis
944 2289 1053 2332 nume

59 2356 97 2420 ris
127 2361 160 2422 et
190 2358 349 2443 partibus.
403 2355 488 2422 Scite
521 2356 607 2421 enim
638 2355 853 2442 Chrysippus,
889 2359 927 2420 ut
958 2355 1054 2438 clipei
1066 2349 1107 2412 14

32 2455 148 2510 ²⁵causa
169 2446 385 2530 involucrum,
415 2445 567 2531 vaginam
591 2448 700 2510 autern
723 2445 834 2530 gladii,
857 2443 902 2508 sio
924 2446 1054 2527 praeter

59 2535 206 2601 mundum
234 2537 341 2599 cetera
368 2533 478 2599 omnia
503 2534 642 2599 aliorum
669 2553 766 2598 causa
793 2553 863 2596 esse
891 2534 1054 2616 generata,

60 2626 91 2686 ut
117 2645 170 2688 eas
198 2623 309 2708 fruges
333 2626 429 2707 atque
452 2621 590 2706 fructus,
623 2642 704 2706 quos
727 2623 815 2685 terra
838 2618 958 2706 gignit,
989 2618 1054 2682 ani-

60 2714 211 2776 mantium
228 2733 334 2796 causa,
357 2711 538 2776 animantes
559 2712 667 2775 autem
685 2708 862 2792 hominum,
881 2710 918 2771 ut
937 2729 1054 2791 equum

61 2799 189 2864 vehendi
211 2821 321 2884 eausa,
348 2798 463 2864 arandi
484 2798 614 2882 bovem,
637 2797 776 2864 venandi
799 2799 832 2863 et
855 2795 1055 2862 custodiendi

33 2896 172 2955 ”canem
213 2887 288 2974 Ipse
311 2891 419 2954 antem
442 2888 540 2953 homo
564 2890 655 2953 ortus
679 2889 729 2952 est
752 2885 793 2952 ad
810 2886 965 2952 mundum
983 2906 1055 2950 eon·

62 2977 276 3062 templandum
299 2981 331 3042 et
352 2975 554 3060 imitandum,
575 2976 668 3040 nullo
691 2974 786 3040 modo
805 2975 976 3060 perfectus,
1000 2973 1056 3038 sed

62 3069 104 3128 eet
133 3065 292 3150 quaedam
320 3065 483 3150 particula
511 3063 655 3150 perfecti.
700 3061 763 3129 Sed
790 3063 926 3130 mundus
957 3083 1055 3146 quon·
1074 3072 1108 3122 38

60 3150 118 3218 iam
145 3153 255 3219 omnia
282 3153 456 3238 conplexus
482 3156 534 3218 lest
556 3173 660 3236 neque
683 3156 733 3217 est
756 3153 940 3237 quicquam,
970 3148 1057 3233 quod

61 3260 120 3305 non
148 3242 229 3306 insit
259 3241 294 3306 in
325 3263 377 3326 eo,
407 3241 569 3326 perfectus
597 3240 737 3324 undique
765 3245 824 3305 est.
869 3238 932 3314 Qui
953 3236 1056 3320 igitur

37 3333 163 3410 operest
189 3329 220 3395 ei
243 3329 352 3395 deesse
374 3329 420 3413 id,
448 3329 534 3414 quod
557 3332 607 3394 est
630 3329 811 3413 optimum?
840 3323 923 3390 nihil
946 3326 1055 3387 autem

64 3421 106 3480 est
126 3421 234 3482 mente
257 3421 290 3483 et
312 3418 437 3484 ratione
460 3418 589 3499 melius,
612 3437 691 3502 ergo
709 3416 789 3481 haec
807 3410 926 3478 mundo
946 3409 1055 3474 deesse

64 3523 120 3568 non
140 3510 287 3592 possrmt.
322 3505 411 3571 Bene
433 3505 535 3591 igitur
557 3504 643 3569 idem
658 3502 868 3585 Chrysippus,
891 3497 947 3580 qui
970 3496 1056 3560 simi-
