2510 3936
330 183 398 240 ΜΒ.
417 184 451 241 11.
471 183 547 240 CAP.
567 191 662 241 o-11.
682 191 697 250 s
716 191 828 241 ra-ae.
1019 184 1085 249 415

78 331 189 394 autem
215 348 283 392 non
310 327 419 412 iudex,
449 328 505 393 sed
533 328 610 393 deus
637 329 707 412 ipse
729 328 846 393 vindex
869 328 1086 412 constituitur,

76 415 260 501 praesentis
282 435 405 501 poenae
428 421 517 481 metu
540 416 655 502 religio
679 417 862 481 confirmari
884 417 1019 481 uidetur.

146 501 293 588 Suosque
321 505 396 569 deos
421 508 477 569 aut
499 526 603 569 novos
626 509 683 570 aut
706 505 904 591 alienigenas
927 505 991 570 coli
1014 527 1086 570 eon-

77 592 239 658 fusioncm
257 591 359 658 habet
372 592 567 678 religionum
581 596 614 657 et
627 593 760 678 ignotas
771 593 982 658 caerimonias
996 592 1086 676 †nos

52 681 311 746 eseoerdotibus.
351 678 438 745 Nam
461 703 482 745 a
503 681 652 766 patribus
674 685 825 766 acceptos
848 682 925 746 deos
948 681 997 746 ita
1018 681 1086 766 pla·
1104 692 1138 742 26

79 773 131 836 oet
155 769 227 852 ooli,
251 769 279 834 si
301 769 376 835 huic
399 769 466 855 legi
487 769 655 854 paruerint
676 769 882 854 ipsipatres.

146 857 292 922 Delubra
316 861 387 922 esse
407 858 442 922 in
464 857 600 923 urbibus
623 864 737 923 censeo
759 879 818 922 nee
837 878 954 942 sequor
972 879 1086 943 magos

77 946 263 1030 Persarum,
276 946 392 1030 quibus
405 946 594 1011 auctoribus
603 945 721 1011 Xerses
735 945 954 1011 inflammasse
963 946 1087 1030 templa

80 1033 236 1100 Graeciae
254 1033 380 1118 dieitur,
399 1034 486 1118 qu'od
503 1034 682 1118 parietibus
700 1034 901 1098 includerent
915 1032 1000 1118 deos,
1019 1033 1087 1118 qui-
1107 1069 1111 1074 >

41 1124 142 1188 lubus
170 1123 550 1187 omniadeberentessc
572 1122 720 1207 patentia
743 1144 780 1186 ac
802 1122 914 1206 libera,
938 1144 1086 1206 quorum·

80 1233 143 1296 que
166 1209 380 1276 hismundus
404 1211 508 1276 omnis
531 1211 690 1295 templum
709 1214 796 1275 esset
813 1214 846 1274 et
864 1211 986 1276 domus.
1022 1209 1085 1275 Me·
1099 1213 1138 1276 11
1250 1201 1251 1206 ¹

80 1301 144 1364 lius
165 1297 260 1364 Graii
284 1302 384 1383 atque
405 1298 524 1383 nostri,
553 1299 608 1384 qui
624 1303 673 1364 ut
696 1302 852 1385 augerent
873 1299 1029 1383 pietatem
1052 1299 1088 1362 in

81 1389 168 1471 deos,
191 1386 319 1453 easdem
334 1387 418 1452 illos
441 1387 532 1452 urbis
555 1409 635 1471 quas
658 1409 717 1453 nos
740 1388 881 1452 incolere
901 1387 1086 1471 voluerunt,

81 1475 187 1542 adfert
205 1477 295 1540 enim
317 1476 398 1540 haee
421 1475 530 1560 opinio
549 1475 739 1560 religionem
756 1476 872 1540 utilem
891 1475 1087 1559 civitatibus,

41 1584 66 1626 1⁵
81 1564 240 1649 siquidem
263 1568 296 1629 et
318 1563 399 1629 illud
422 1564 503 1628 bene
526 1563 648 1628 dictum
671 1566 721 1629 est
744 1586 764 1628 a
785 1563 987 1648 Pythagora,
1015 1564 1087 1627 doc-

80 1653 210 1718 tissimo
233 1653 317 1736 tiro,
338 1656 411 1716 tum
433 1673 582 1716 maxume
605 1655 639 1716 et
660 1651 817 1736 pictatem
840 1654 873 1714 et
895 1651 1087 1736 religionem

79 1741 204 1809 versari
227 1740 422 1824 inanimis,
446 1747 549 1824 quom
577 1740 674 1804 rebus
702 1738 820 1804 divinis
842 1760 975 1823 operam
999 1739 1087 1802 dare-

80 1852 168 1914 mus,
198 1833 231 1894 et
255 1829 344 1913 quod
371 1829 503 1912 Thales,
531 1827 587 1912 qui
615 1827 873 1912 sapientissimus
900 1827 936 1891 in
963 1830 1088 1911 septem

79 1919 159 2002 fuit,
182 1918 330 1983 homines
354 1917 538 1983 existimare
561 1920 711 2002 oportere
734 1914 856 1999 omnia,
882 1935 960 1997 quac
982 1936 1088 1979 oerne-

42 2028 67 2068 ao
81 2010 170 2092 rent,
196 2006 329 2071 deorum
356 2015 438 2092 esse·
451 2007 563 2090 plena3
589 2005 659 2070 fore
686 2003 783 2069 enim
796 2003 900 2068 omnis
924 2003 1088 2085 castiores,

4 2169 5 2174 γ
80 2096 185 2162 veluti
213 2117 311 2184 quom
337 2093 483 2160 insanis
512 2097 620 2159 essent
647 2091 981 2177 maximemligiosis.
1026 2090 1088 2155 Est

81 2183 169 2250 enim
192 2183 350 2268 quaedam
373 2182 523 2267 opinione
544 2183 666 2267 speeies
685 2182 817 2246 deorum
835 2180 871 2244 in
889 2180 1000 2264 oeulis,
1022 2201 1089 2244 non

81 2274 189 2339 solum
211 2273 247 2336 in
268 2271 441 2336 mentibus.
478 2269 687 2354 Eandemque
705 2270 865 2334 rationem
883 2269 948 2333 luci
966 2268 1088 2332 habent
1107 2278 1140 2327 27

81 2363 118 2427 in
150 2361 247 2447 agris.
292 2359 405 2444 Neque
437 2377 489 2442 ea,
521 2379 603 2441 quae
630 2379 650 2422 a
677 2358 854 2423 maioribus
883 2356 1012 2440 prodita
1039 2360 1090 2419 est

12 2465 67 2512 ‘25
83 2472 182 2535 quom
205 2448 358 2532 dominis,
380 2451 451 2512 tum
473 2445 612 2521 famulis¹
626 2445 735 2529 posita
756 2444 791 2508 in
812 2442 905 2508 fundi
926 2443 1089 2526 villaeque

83 2541 267 2622 conspectu,
288 2535 404 2620 religio
421 2534 556 2617 Larum,
578 2531 775 2618 repudianda
798 2534 856 2596 est.

149 2625 220 2691 Iam
238 2626 321 2691 ritus
338 2624 483 2690 familiae
500 2625 695 2708 patrumque
713 2641 841 2685 servare
859 2618 894 2682 id
912 2621 971 2700 est,
991 2639 1090 2701 quon-

83 2717 151 2782 iam
178 2713 356 2798 antiquitas
377 2733 534 2797 proxume
558 2709 681 2775 accedit
703 2708 744 2772 ad
767 2707 856 2791 deos,
884 2728 904 2769 a
926 2705 980 2769 dis⁴
998 2706 1091 2789 quasi

82 2803 240 2868 traditam
262 2801 453 2887 religionem
476 2799 568 2864 tueri.

43 2911 70 2951 ³⁰
152 2889 244 2966 Quod
266 2893 375 2955 autem
393 2911 432 2954 ex
449 2887 618 2953 hominum
637 2905 753 2972 genere
771 2885 985 2965 consecratos,
1007 2881 1091 2946 sicut

83 2980 259 3046 Herculem
287 2981 319 3044 et
346 2981 485 3061 eeteros,
511 2974 574 3040 ooli
597 2975 649 3038 lex
670 2973 774 3055 iubet,
801 2971 923 3036 indicat
946 2970 1091 3036 omnium

84 3069 215 3155 quidem
238 3067 362 3133 animos
384 3063 569 3130 inmortalis
591 3083 670 3145 csse,
693 3060 749 3125 scd
766 3059 902 3124 fortium
919 3058 1091 3123 bonorum-

85 3179 148 3243 que
170 3156 305 3222 divinos.
349 3153 437 3219 Bene
459 3174 550 3236 vero,
578 3149 663 3235 quod
685 3149 791 3232 Mens,
816 3147 940 3229 Pietas,
968 3143 1091 3228 Virtus,
1110 3153 1144 3203 28

83 3245 180 3311 Fides
204 3247 410 3311 consecratur
431 3263 545 3324 manu3
569 3260 705 3324 quonum
728 3236 871 3302 omnium
893 3234 1018 3299 Romae
1041 3233 1091 3297 de-

43 3335 194 3400 radicata
216 3333 345 3418 publice
368 3331 492 3414 templa
514 3331 602 3412 sunt,
625 3329 677 3410 ut,
698 3325 757 3390 illa
780 3324 836 3407 qui
857 3323 1000 3422 habeant
1023 3321 1092 3422 (ha-

84 3424 164 3488 bent
191 3424 301 3487 autem
328 3439 438 3484 omnes
465 3415 571 3503 boni),
601 3414 677 3480 deos
704 3413 793 3499 ipsos
821 3413 858 3482 in
886 3411 1002 3475 animis
1026 3431 1092 3473 suis

85 3511 272 3577 conlocatos
290 3510 416 3595 putent.
456 3504 543 3571 Nam
560 3503 643 3569 illud
662 3502 828 3585 vitiosum,
842 3498 984 3564 Athenis
1007 3496 1095 3586 quod
