2490 3950
154 168 197 231 20
462 163 511 218 ΒΕ
530 164 681 219 NATURA
698 163 852 218 DEORUM

152 310 283 374 nionem
306 308 450 392 anquirit
472 308 599 373 animus
623 312 656 373 et
677 307 817 373 formam
840 309 874 372 ct
891 306 979 371 vitae
998 305 1171 370 actionem

104 397 336 514 18mentisque
360 396 574 480 agitationem
595 397 631 460 in
653 397 721 462 deo.

101 530 135 578 46
220 483 269 550 Ac
292 484 331 549 de
352 484 460 550 forma
482 484 611 569 quidem
632 485 754 569 partim
775 486 894 549 natura
915 502 975 547 nos
999 480 1172 565 admonet,

153 573 275 659 partim
303 573 388 638 ratio
416 573 518 638 docet.
561 571 648 638 Nam
676 595 696 636 a
721 575 841 637 natura
866 571 1024 636 habemus
1049 591 1171 635 omnes

154 661 298 727 omnium
322 661 469 747 gentium
487 660 626 745 speciem
644 660 767 725 nullam
786 659 886 724 aliam
904 657 969 724 nisi
984 658 1171 723 humanam
1202 679 1216 718 a

154 750 301 832 deorum3
330 771 412 832 quae
440 747 526 813 enim
547 748 655 813 forma
676 749 742 813 alia
764 748 903 813 occurrit
924 768 1082 830 umquam
1105 749 1172 811 aut

153 837 306 924 vigilanti
333 837 483 922 cuiquam
510 840 568 902 aut
594 835 788 902 dormienti?
833 833 897 901 Sed
918 857 959 901 ne
982 835 1094 900 omnia
1116 857 1173 899 re-

153 929 308 992 vocentur
340 924 381 990 ad
410 925 533 1010 primas
564 925 730 990 notiones:
763 923 848 989 ratio
877 924 940 988 hoc
970 923 1057 987 idem
1090 922 1173 1008 ipsa

100 1033 134 1080 4⁷
155 1015 306 1080 declarat.
351 1012 439 1078 Nam
466 1035 538 1079 cum
566 1012 893 1099 praestantissumam
914 1014 1082 1095 naturam,
1110 1013 1172 1076 vel

153 1103 230 1188 quia
246 1103 344 1168 beata
362 1106 413 1166 est
430 1103 482 1166 vel
501 1100 577 1186 quia
594 1101 800 1185 sempiterna,
822 1099 993 1165 convenire
1011 1099 1171 1166 videatur
1187 1121 1214 1159 10

153 1190 288 1256 eandem
311 1211 382 1254 esse
403 1189 670 1274 pulcherrimam,
693 1211 776 1272 quae
798 1187 980 1273 conpositio
1002 1189 1171 1254 membro-

152 1301 234 1364 rum,
266 1299 348 1362 quae
380 1277 595 1342 conformatio
622 1277 899 1360 liniamentorum,
932 1297 1014 1360 quae
1046 1277 1171 1362 figura,

153 1389 235 1452 quae
272 1366 394 1451 species
430 1365 573 1430 humana
608 1369 719 1450 potest
750 1385 820 1430 ease
851 1363 1040 1450 pulchrior?
1094 1365 1170 1430 Vos

153 1455 295 1538 quidem,
323 1453 441 1537 Lucili,
471 1453 584 1519 soletis
612 1451 702 1538 (nam
724 1451 824 1518 Cotta
850 1474 944 1517 meus
970 1451 1067 1518 modo
1091 1453 1170 1537 hoc,

153 1543 248 1608 modo
262 1540 367 1626 illud),
385 1564 458 1608 cum
476 1541 650 1607 artificium
669 1540 824 1627 effingitis
841 1540 1064 1625 fabricamque
1084 1542 1170 1606 divi·
1186 1561 1211 1600 ss

151 1654 242 1716 nam,
269 1653 367 1716 quam
395 1631 462 1695 sint
489 1630 599 1696 omnia
624 1629 661 1694 in
682 1629 823 1694 hominis
845 1629 954 1715 figura
975 1650 1042 1694 non
1064 1631 1170 1696 modo

152 1720 194 1784 ad
221 1741 330 1804 usum,
359 1741 472 1784 verum
499 1718 599 1783 etiam
626 1717 668 1782 ad
694 1720 900 1782 venustatem
923 1721 1015 1802 apta,
1045 1717 1169 1782 descri-

99 1823 133 1872 48
152 1809 237 1873 bere.
295 1807 417 1882 Quodsi
453 1806 598 1871 omnium
634 1803 849 1871 animantium
883 1805 1025 1870 formam
1059 1805 1170 1872 vincit
1236 1853 1237 1860 1

151 1895 293 1961 hominis
322 1895 442 1980 figura,
474 1893 554 1959 deus
581 1896 689 1960 autem
717 1894 876 1958 animans
892 1897 957 1976 est,
989 1916 1028 1958 ca
1054 1894 1173 1980 figura·
1236 1909 1237 1920 ¹

151 1983 299 2069 profecto
322 1985 382 2064 est,
405 2003 488 2065 quae
509 1981 730 2067 pulcherrima
752 1983 796 2047 sit
814 1982 970 2065 om'nium3
994 1983 1168 2066 quoniam·
1183 2004 1210 2041 a>

153 2093 214 2155 que
237 2070 314 2136 deos
336 2070 544 2136 beatissimos
567 2091 637 2135 esse
660 2074 799 2154 constat,
820 2071 936 2134 beatus
959 2074 1069 2135 autern
1091 2093 1169 2136 esse

152 2159 222 2222 sine
244 2157 368 2223 virtute
389 2180 485 2223 nemo
507 2162 620 2244 potest
641 2180 701 2223 nec
722 2158 827 2224 virtus
850 2158 920 2222 sine
942 2158 1070 2224 ratione
1088 2181 1169 2224 con-

152 2250 240 2311 stare
261 2267 321 2312 nec
343 2246 428 2312 ratio
450 2268 589 2331 usquam
610 2247 716 2312 inesse
738 2245 803 2310 nisi
823 2246 859 2310 in
880 2246 1022 2311 hominis
1045 2247 1168 2333 figura,

99 2349 133 2398 49
152 2334 293 2400 hominis
317 2355 393 2400 esse
411 2335 516 2419 specie
535 2334 612 2400 deos
631 2334 849 2400 confitendum
867 2337 926 2399 est.
962 2333 1032 2400 Nec
1049 2339 1167 2402 tamen

152 2445 191 2487 ea
219 2423 341 2508 species
368 2444 485 2507 corpus
512 2426 576 2506 cst,
608 2422 665 2487 sed
692 2422 785 2507 quasi
812 2443 941 2508 corpus,
973 2444 1032 2488 nec
1059 2422 1167 2488 habet
1181 2443 1206 2483 aa

102 2513 142 2577 19
153 2512 356 2597 sanguinem,
387 2511 445 2575 sed
473 2509 567 2594 quasi
594 2511 793 2597 sanguinem.
841 2509 932 2576 Haec
962 2534 1166 2596 quamquam

153 2603 186 2664 et
207 2600 341 2664 inventa
363 2601 440 2663 sunt
462 2599 588 2664 acutius
611 2602 645 2662 et
667 2599 754 2664 dicta
776 2598 929 2663 subtilius
947 2600 990 2664 ab
1009 2600 1165 2686 Epicuro,

153 2710 250 2770 quam
272 2692 310 2752 ut
333 2687 439 2771 quivis
462 2708 501 2751 ea
523 2687 629 2771 possit
652 2708 836 2773 agnoscere,
857 2690 968 2752 tamen
989 2688 1095 2753 fretus
1114 2689 1165 2754 in-

151 2775 341 2860 tellegentia
367 2779 479 2840 vestra
506 2775 628 2841 dissero
655 2775 798 2860 brevius,
831 2797 930 2859 quam
957 2799 1056 2842 causa
1078 2777 1164 2842 desi-

152 2864 252 2928 derat.
297 2862 457 2948 Epicurus
485 2867 606 2946 antem,
634 2862 690 2947 qui
717 2885 767 2928 res
796 2864 940 2929 occultas
968 2871 1001 2929 et
1027 2866 1163 2949 penitus
1178 2883 1203 2923 ao

152 2949 280 3016 abditas
298 2971 367 3014 non
383 2951 479 3016 modo
497 2951 616 3017 viderit
634 2951 751 3036 animo,
772 2952 832 3016 sed·
847 2953 946 3017 etiam
965 2953 1011 3018 sic
1030 2956 1164 3037 tractet,

150 3043 189 3102 ut
211 3060 319 3121 manu,
342 3037 436 3103 dccet
459 3059 531 3102 eam
552 3061 624 3104 esse
646 3041 713 3105 vim
736 3043 769 3105 et
786 3045 938 3106 naturam
957 3041 1100 3122 deorum,
1123 3047 1164 3107 ut

149 3126 291 3212 primum
313 3147 380 3191 non
403 3147 506 3207 sensu,
529 3127 587 3191 sed
608 3132 717 3194 mente
739 3133 889 3194 cernatur
911 3151 970 3194 nec
993 3129 1163 3196 soliditate

151 3214 291 3298 quadam
321 3235 382 3279 nec
408 3214 450 3278 ad
476 3235 659 3296 numerum,
690 3220 728 3282 ut
756 3239 806 3299 ea,
836 3239 918 3302 quae
944 3217 1002 3282 ille
1025 3223 1163 3303 propter

150 3303 341 3386 firmitatem
364 3301 538 3386 στερέμνια
561 3304 720 3387 appellat3
747 3304 803 3369 sed
825 3305 1023 3390 imaginibus
1046 3307 1162 3374 simili·
1177 3325 1203 3366 as

150 3391 261 3456 tudine
293 3394 327 3456 et
358 3389 552 3456 transitione
578 3391 741 3477 perceptis
768 3412 841 3458 cum
868 3392 997 3460 infinita
1024 3393 1162 3460 simillu-

149 3501 277 3543 marum
299 3479 480 3565 imaginum
501 3479 600 3544 series
620 3501 658 3543 cx
675 3480 966 3547 innumerabilibus
983 3481 1161 3550 individuis
