2458 3934
141 164 206 230 108
451 160 843 218 ιιιιιιιιιιιιιοιιιιι

102 269 121 394 l
208 306 296 383 Quae
327 329 399 373 cum
428 306 552 372 Balbus
585 307 733 390 dixisset,
763 311 833 372 tum
866 306 1016 372 adridens
1039 304 1164 371 Cotta:

142 393 235 481 Sero,
262 395 382 479 inquit,
354 395 503 479 t,mihi
530 393 645 479 Balbe,
671 395 844 480 praecipis,
873 395 950 478 quid
973 393 1163 460 defendam.

141 483 214 569 Ego
238 483 324 548 enim
347 483 600 568 tedisputante,
623 483 701 568 quid
723 486 798 549 cont
799 505 837 549 ιι
855 483 1001 566 dicerem,
1024 505 1164 548 mecum

141 572 211 659 ipse
234 571 335 637 medit
321 571 429 656 taber,
451 593 556 656 neque
579 575 648 636 tam
670 571 839 636 refellendi
861 571 911 636 tui
933 591 1031 636 causa
1054 593 1163 655 quam

142 681 189 744 ea,
213 681 295 744 quae
318 659 482 726 minusrn
482 660 689 746 tellegebam,
711 660 902 743 requirendi
940 652 1022 724 Cum
1042 664 1162 724 autem
1191 679 1206 722 ι

143 768 201 813 suo
225 747 339 832 cuique
361 747 480 813 iudicio
503 748 548 812 sit
569 750 606 813 ut
592 747 734 833 tendum,
760 747 890 812 difficile
912 746 1003 812 factu
966 751 1078 812 test
1102 770 1162 812 ιιιι

107 836 176 901 aid
204 839 276 902 sent
276 835 337 920 ire,
365 835 492 920 quodt
492 859 514 901 u
477 836 626 901 trelis.
671 800 734 901 Hic'
755 833 915 901 Velleius:
946 833 1162 919 Nescis,in-

144 923 223 1009 quit,
247 927 369 1009 quanta
392 945 465 990 cum
480 923 747 1076 exspectatione,
759 921 866 1008 Cotta,
889 923 951 988 sim
973 927 1008 987 te
1027 923 1160 988 auditu

143 1034 207 1078 rus.
252 1011 413 1078 Iucundus
437 1013 523 1078 enim
545 1012 650 1078 Balbo
672 1015 747 1077 nost
748 1034 785 1078 ιο
809 1033 915 1077 sermo
938 1014 1014 1076 tuus
1038 1015 1162 1076 eontra

142 1098 400 1186 Epicurumt
336 1100 413 1185 fuit3
454 1100 671 1166 racbebo't
609 1101 671 1186 igit
672 1123 711 1166 ur
726 1121 786 1186 ego
801 1122 852 1164 me
866 1099 928 1163 tibi
946 1099 1093 1164 vicissim
1109 1105 1161 1165 at·
1176 1122 1203 1160 ιο

144 1192 271 1254 tentum
295 1124 557 1254 contradendos
581 1188 671 1253 audit
656 1191 770 1253 t.orem
816 1185 916 1272 Spero
940 1187 1026 1252 enim
1050 1191 1095 1270 ιι,
1120 1193 1161 1253 ut

109 1276 246 1360 esoles,
269 1276 350 1341 benc
372 1280 524 1360 paratum
545 1276 663 1342 venire.
707 1276 790 1342 Tum
814 1274 876 1342 cot
861 1279 925 1340 ιιι·
953 1272 1006 1342 Sic
1028 1239 1161 1342 meher-

144 1365 229 1448 cule,
255 1363 376 1447 inquit,
403 1361 524 1448 Vellei,
549 1365 762 1448 nequeenim
784 1363 865 1429 mihi
887 1385 947 1450 par
969 1363 1057 1429 ratio
1082 1387 1160 1430 cum

143 1415 346 1517 Luciliot
297 1455 346 1516 est
374 1471 411 1516 ac
431 1449 562 1517 tecum
570 1451 642 1517 fuit
687 1450 749 1527 Qui
771 1451 924 1518 tandem?
956 1451 1065 1535 inquit
1089 1453 1160 1518 ille.

145 1539 227 1616 Quia
248 1539 331 1605 mihi
351 1539 440 1606 videt
425 1543 480 1606 tur
492 1539 651 1625 Epicurus
669 1544 778 1607 vester
797 1541 835 1606 de
854 1539 902 1604 dis
920 1539 1159 1606 inmortalibus
1175 1559 1201 1600 ιι

144 1650 210 1694 non
236 1649 435 1714 magnopere
461 1649 621 1714 pugnare,
651 1632 781 1694 tantum
807 1628 903 1693 modo
930 1649 1051 1714 negare
1078 1630 1159 1696 deos

145 1738 304 1782 essenon
326 1717 432 1802 audet,
453 1738 494 1781 ne
517 1716 595 1801 quid
616 1717 755 1782 invidiae
779 1717 894 1782 subeat
917 1719 974 1780 aut
997 1716 1159 1782 oriminis.

145 1804 227 1871 Cum
258 1821 334 1871 ιιιο
367 1805 443 1870 deos
474 1805 558 1869 nihil
590 1825 700 1891 agere,
731 1805 814 1870 nihil
842 1825 953 1870 curare
981 1805 1160 1871 confirmat

145 1891 363 1976 membrisque
385 1893 536 1958 humanis
560 1914 630 1958 esse
652 1892 826 1997 praeditos,
849 1892 906 1958 sed
924 1913 1036 1956 eorum
1054 1915 1160 1958 mem·

143 1983 277 2046 brorum
299 2001 395 2046 usum
416 1981 543 2045 nullum
565 1981 697 2065 habere,
724 1976 834 2047 ιιιιιιιι
857 1980 985 2048 videtur
946 1981 1160 2065 ursatisque
1173 2003 1199 2042 ao

144 2091 188 2154 pu
190 2072 273 2152 tare,
304 2068 333 2132 si
361 2068 478 2132 dixerit
463 2071 575 2134 tesse
603 2069 764 2154 quandam
790 2070 922 2134 beatam
943 2071 1100 2133 naturam
1125 2075 1161 2135 et

110 2176 127 2226 4
146 2160 319 2222 aeternam.
355 2155 387 2222 A
400 2155 576 2222 Balbo
520 2159 576 2221 aut
578 2178 629 2222 ern
643 2156 912 2241 animadvertisti,
931 2157 1035 2240 credo,
1055 2179 1160 2241 quam

145 2245 250 2310 multa
273 2242 360 2310 dicta
383 2244 450 2309 sint
468 2267 637 2330 quamque,
660 2245 789 2310 etiamsi
807 2246 914 2311 minus
933 2266 1019 2329 vera,
1042 2249 1161 2311 tamen

146 2336 285 2484 aptatm
254 2332 260 2346 '
250 2335 336 2398 mter
359 2353 393 2398 se
417 2336 450 2396 et
472 2333 687 2399 cohaerentia
731 2333 847 2418 Itaque
870 2332 993 2419 cogito,
1016 2337 1054 2396 ut
1079 2334 1160 2418 dixi,

144 2443 211 2487 non
233 2423 302 2486 tam
324 2420 522 2486 refellere
495 2443 563 2486 ems
587 2421 768 2486 orationem
792 2444 890 2506 quam
914 2443 965 2504 ea,
989 2443 1072 2504 quac
1097 2424 1159 2487 mi·
1172 2440 1198 2482 ιι

144 2531 205 2574 nus
228 2508 388 2593 intellexi,
415 2509 589 2661 requirere.
632 2508 745 2594 Quare,
768 2509 879 2595 Balbe,
902 2471 965 2574 tibi
986 2511 1158 2594 permitto,

144 2597 378 2682 responderene
405 2596 487 2661 mihi
512 2597 608 2662 malis
636 2597 675 2662 de
703 2598 840 2684 singulis
864 2598 960 2663 rebus
985 2562 1160 2680 quaerenti

146 2707 185 2751 ex
211 2689 244 2750 ιι
271 2706 325 2770 ιι,
357 2705 439 2769 quae
468 2707 583 2770 parum
611 2687 744 2771 accepi,
762 2708 804 2752 an
831 2687 1014 2752 universam
1042 2686 1158 2751 audire

146 2773 326 2839 orationem
349 2793 463 2838 meam.
500 2773 584 2838 Tum
597 2772 735 2838 Balbusr
758 2773 831 2858 Ego
850 2795 935 2857 vero,
959 2773 1084 2857 siquid
1103 2795 1158 2838 ex-

144 2861 273 2947 planari
300 2860 362 2925 tibi
387 2861 492 2946 voles,
519 2862 712 2946 respondere
740 2863 841 2946 malo,
869 2862 921 2926 sin
942 2881 993 2924 me
1016 2862 1157 2926 interro·
1170 2881 1195 2921 ιι

146 2969 224 3036 gare
259 2969 325 3014 non
361 2952 430 3014 tam
466 2949 515 3015 int
501 2949 677 3101 tellegelndi
712 2972 810 3016 causa
846 2971 943 3034 quam
974 2949 1158 3036 refellendi,

145 3040 257 3102 utrum
281 3037 385 3121 voles,
412 3037 544 3122 faciam,
570 3039 623 3105 ιιι
651 3038 692 3104 ad
720 3039 862 3140 singula,
890 3060 971 3122 quae
999 3038 1159 3121 requires,

110 3143 126 3193 t
146 3125 258 3190 statim
276 3088 476 3210 respoirdebo
494 3089 556 3209 vel,
574 3148 647 3191 cum
665 3127 837 3211 peroraris,
856 3127 897 3190 ad
915 3126 1032 3191 omnia.
1069 3125 1157 3190 Turn

145 3175 556 3298 OottutOpfimainquit'.
593 3212 697 3289 Quam
721 3214 854 3279 obrem
878 3215 924 3279 sic
948 3235 1093 3299 agamus,
1117 3219 1157 3278 ut

105 3301 241 3366 2n0s
232 3323 266 3386 lp
268 3323 304 3366 sa
328 3302 422 3366 ducet
445 3301 558 3365 oratio.
605 3298 748 3367 Sedt
691 3305 766 3366 ante
791 3324 888 3386 quam
911 3302 949 3367 de
972 3323 1020 3386 re,
1049 3317 1195 3387 paucae

146 3389 185 3453 de
207 3411 267 3454 me
303 3387 380 3452 Non
397 3387 483 3452 em'm
501 3387 670 3454 mediocrit
655 3392 706 3454 ter
724 3410 856 3454 moveor
875 3389 1069 3455 auctoritate
1087 3394 1156 3476 tua,

145 3474 207 3541 Bal
208 3476 262 3558 be,
290 3475 500 3558 orationeque
522 3496 574 3559 ea,
602 3497 684 3560 quae
707 3498 759 3542 me
780 3477 816 3541 in
837 3477 1018 3562 perorando
1042 3478 1157 3544 cohor·
