2478 3936
155 156 199 222 96
464 152 855 210 nnnnuunnnnosun

157 326 219 389 que
236 306 280 368 'et
307 301 466 384 continet,
493 300 560 366 sive
587 300 669 365 illud
697 299 822 364 aridum
845 301 895 384 est
917 298 986 364 sive
1009 298 1180 384 umidum,

157 391 243 477 quod
266 390 400 475 recepit,
422 393 459 454 ut
481 388 515 454 id
537 388 659 453 mutari
681 391 714 452 et
737 385 894 472 concoqui
915 387 1034 472 possit,
1063 409 1180 472 eaque

156 483 228 544 tum
251 477 457 562 astringitur,
477 480 549 542 tum
571 477 736 540 relaxatur
758 478 855 559 atque
878 495 982 559 omne,
1005 477 1094 560 quod
1122 497 1181 540 ac-

157 568 255 651 cepit,
286 568 376 652 cogit
402 569 436 630 et
462 564 644 646 confundit,
671 567 709 628 ut
732 563 830 628 facile
858 566 891 627 et
917 563 1041 648 calore,
1071 585 1181 648 quem

158 656 296 722 multum
326 655 440 738 habet,
470 656 505 718 et
531 652 664 718 terendo
691 652 764 717 cibo
791 655 825 716 et
851 655 1020 736 praeterea
1048 652 1181 736 spiritu
1209 671 1218 710 ι

159 745 269 808 omnia
295 747 388 810 cocta
415 746 511 826 atque
538 741 685 808 confecta
707 740 742 805 in
764 739 924 824 reliquum
946 760 1065 825 corpus
1089 741 1180 805 divi·

106 831 286 898 55dantnr.
329 829 369 896 In
391 830 600 916 pulmonibus
623 832 734 894 autem
755 828 842 892 inest
863 827 983 892 raritas
1007 829 1180 912 quaedam

159 924 193 985 et
219 919 378 986 adsimilis
406 917 552 1003 spongiis
580 916 749 982 mollitudo
773 917 813 981 ad
834 915 1051 980 hauriendum
1075 917 1180 1002 spiri-

159 1011 230 1073 tum
262 1005 444 1094 aptissima,
476 1006 532 1090 qui
562 1009 635 1070 tum
664 1026 698 1070 se
727 1003 923 1070 contrahunt
953 1005 1180 1090 adspirantes,

158 1100 230 1162 tum
251 1097 286 1162 in
308 1096 470 1180 respiratu
493 1094 639 1177 dilatant,
662 1097 699 1158 ut
716 1093 904 1181 frequenter
921 1093 1058 1158 ducatur
1076 1093 1178 1159 cibus
1194 1111 1219 1150 1⁰

108 1198 158 1246 1³7
174 1184 338 1268 animalis,
366 1204 429 1267 quo
457 1182 597 1248 maxime
625 1182 757 1247 aluntur
780 1181 970 1245 animantes.
1013 1179 1066 1245 Ex
1089 1181 1180 1246 inte-

161 1271 254 1337 stinis
282 1275 391 1337 autem
423 1274 566 1335 secretus
598 1292 618 1334 a
648 1270 773 1354 reliquo
805 1268 878 1334 cibo
905 1289 999 1334 sucus
1027 1269 1071 1352 is,
1105 1290 1178 1352 quo

161 1360 290 1443 alimur,
317 1362 488 1444 permanat
514 1358 556 1422 ad
581 1359 669 1424 iecur
691 1379 750 1443 per
772 1357 927 1442 quasdam
950 1357 1100 1422 emedio
1126 1359 1178 1422 in·

159 1447 280 1512 teatino
303 1468 405 1531 usque
428 1446 469 1510 ad
491 1450 602 1532 portas
625 1446 740 1512 iecoris
764 1443 825 1530 (sic
843 1445 928 1510 enim
947 1445 1177 1533 appellantur)

161 1535 274 1600 ductas
297 1539 330 1600 et
352 1536 497 1601 derectas
520 1535 599 1618 vias
621 1556 704 1619 quae
726 1533 890 1618 pertinent
908 1532 950 1596 ad
967 1534 1056 1599 iecur
1074 1534 1216 1618 eique1⁵

161 1624 345 1690 adhaerent.
395 1622 504 1708 Atque
535 1622 609 1688 inde
641 1623 724 1688 aliae
755 1623 818 1687 alio
849 1621 1049 1706 pertinentes
1083 1626 1177 1706 sunt,
1231 1667 1232 1670 =

160 1735 219 1796 per
246 1733 326 1797 quas
354 1711 441 1778 cadit
468 1712 558 1777 cibus
587 1733 608 1775 a
629 1710 734 1776 iecore
758 1709 913 1795 dilapsus.
956 1709 1072 1774 Abeo
1096 1711 1177 1777 cibo

162 1822 235 1865 oum
259 1804 309 1865 est
327 1803 450 1866 secreta
467 1800 544 1864 bilis
563 1799 656 1883 eique
674 1817 813 1882 umores,
836 1797 892 1881 qui
909 1819 927 1862 e
945 1796 1077 1863 renibus
1096 1821 1177 1884 pro

161 1887 349 1971 funduntur,
358 1888 484 1971 reliqua
493 1886 773 1972 seinsanguinem
782 1889 914 1952 vertunt
923 1885 964 1950 ad
974 1886 1176 1971 easdemque

161 1979 275 2061 portas
296 1975 411 2041 iecoris
435 1977 608 2059 confluunt,
631 1975 672 2040 ad
690 1995 770 2058 quas
790 1993 902 2040 omnes
919 1975 988 2039 eius
1006 1975 1080 2040 viae
1098 1998 1176 2060 per·
1191 1994 1215 2032 20

161 2063 283 2146 tinent3
304 2085 362 2148 per
384 2085 465 2148 quas
487 2065 598 2148 lapsus
622 2063 711 2128 cibus
730 2063 766 2126 in
783 2063 845 2128 hoc
862 2063 935 2146 ipso
953 2063 1025 2128 loco
1043 2063 1078 2127 in
1097 2085 1177 2129 eam

162 2172 286 2234 venam,
310 2172 392 2235 quae
414 2173 494 2217 cava
516 2151 708 2236 appellatur,
731 2150 938 2216 confunditur
954 2171 1078 2237 perque
1096 2173 1176 2218 eam

163 2238 205 2303 ad
232 2260 288 2304 cor
318 2239 481 2304 confectus
509 2240 575 2304 iam
602 2242 774 2322 coctusque
801 2238 994 2323 perlabitur,
1026 2261 1047 2303 a
1073 2241 1175 2305 corde

163 2330 273 2394 autem
299 2327 334 2391 in
362 2330 469 2392 totum
491 2349 607 2412 corpus
631 2327 835 2392 distribuitur
856 2327 914 2412 per
936 2327 1174 2408 venasadmo

163 2416 240 2482 dum
276 2416 396 2482 multas
431 2415 466 2480 in
498 2436 609 2480 omnes
640 2419 751 2501 partes
784 2414 927 2500 corporis
958 2416 1174 2498 pertinentes.
1188 2433 1212 2474 2⁵

113 2513 163 2564 138
178 2503 279 2579 Quem
311 2504 352 2569 ad
382 2503 515 2569 modurn
547 2506 656 2568 autem
687 2503 841 2586 reliquiae
873 2503 937 2567 cibi
964 2503 1174 2588 depellantur

163 2595 234 2658 tum
269 2592 526 2678 astringentibus
558 2613 592 2656 se
623 2590 800 2674 intestinis,
836 2594 907 2655 tum
937 2591 1174 2678 relaxantibus,

163 2680 251 2747 haud
279 2702 356 2746 sane
385 2679 517 2744 difficile
544 2679 632 2744 dictu
660 2683 723 2761 est,
753 2679 810 2743 sed
830 2682 940 2744 tamen
963 2684 1174 2763 praetereun-

164 2768 241 2832 dum
270 2773 332 2852 est,
361 2791 402 2833 ne
429 2767 507 2853 quid
533 2768 653 2833 habeat
681 2767 924 2832 iniucunditatis
947 2767 1063 2834 oratio.
1107 2768 1173 2834 Illa

164 2856 273 2941 potius
305 2857 481 2940 explicetur
511 2855 709 2921 incredibilis
740 2854 865 2920 fabrica
894 2859 1045 2920 naturae:
1082 2856 1172 2923 Nam
1185 2875 1209 2914 ³⁰

166 2963 247 3028 quae
275 2943 393 3026 spiritu
419 2944 456 3008 in
481 2945 648 3028 pulmones
677 2943 785 3008 anima
807 2943 946 3027 ducitur,
973 2965 1013 3008 ea
1036 2945 1172 3011 calescit

164 3032 306 3116 primum
327 3030 399 3115 ipso
419 3031 460 3096 ab
479 3031 604 3117 spiritu,
627 3032 740 3096 deinde
758 3033 949 3116 contagione
959 3033 1173 3120 pulmonum,

166 3143 204 3184 ex
236 3139 336 3204 eaque
367 3141 443 3203 pars
476 3119 619 3183 redditur
649 3119 852 3205 respirando,
884 3123 967 3204 pars'
989 3122 1173 3207 concipitur

165 3208 270 3274 cordis
293 3211 386 3293 parte
408 3207 556 3291 quadam,
580 3229 674 3292 quem
697 3208 911 3273 ventriculum
934 3209 1040 3273 cordis
1062 3212 1173 3295 appel·

164 3298 243 3380 lant,
266 3295 318 3360 cui
340 3294 455 3360 similis
479 3295 562 3358 alter
585 3295 755 3361 adiunctus
778 3299 837 3380 est,
858 3295 894 3360 in
916 3316 1013 3380 quem
1036 3300 1171 3384 sanguis
1186 3311 1208 3356 ss

166 3383 311 3449 aieoore
334 3405 392 3466 per
414 3403 529 3447 uenam
552 3382 641 3446 illam
660 3404 773 3448 cavam
790 3383 906 3448 influit.
941 3383 1055 3470 quue
1073 3387 1173 3453 modo

167 3491 205 3534 ex
227 3470 278 3534 his
300 3470 449 3553 partibus
473 3472 506 3533 et
529 3470 659 3550 sanguis
681 3491 860 3555 personas
882 3471 917 3535 in
940 3493 1035 3537 omne
1052 3495 1172 3560 corpus
