2476 3936
171 167 236 231 332
388 205 392 212 .
527 164 576 217 ou
595 163 643 217 au
660 162 815 219 suanos

134 294 150 354 Ῑ
237 310 280 375 In
308 309 384 374 libro
412 310 480 374 lerl'
469 330 498 374 lo
456 311 561 374 lde
586 329 620 373 re
635 309 763 391 plublice
787 307 909 372 lbollius
930 307 1082 372 boiuiiwm
1104 307 1177 372 dioil

138 371 234 464 ¹uon
255 401 292 462 ut
312 416 334 461 o
355 403 461 476 moire,
483 398 535 464 sed
555 402 591 462 ot
612 417 633 462 o
653 415 783 464 omnio
802 401 931 462 uenire
940 396 1089 461 odilam
1075 415 1111 460 on
1133 397 1175 459 oi-

173 492 246 563 lem,
264 505 386 567 corpore
402 447 494 567 nudo,
515 485 672 568 fuopiliel
687 486 822 567 infirmo,
840 486 946 549 auimo
963 489 1065 548 aulem
1082 485 1175 548 aneio

172 575 215 639 od
235 573 353 640 molest
328 578 397 658 loos,
418 573 529 640 lumili
551 575 594 638 ad
615 573 747 658 boemos,
768 573 855 638 molli
877 573 921 637 od
937 573 1061 650 labores,
1078 592 1175 654 prono

172 663 216 728 od
236 658 385 742 libidines,
408 663 443 726 iu
464 682 523 744 quo
546 667 648 726 tomen
665 663 777 726 inessel
793 663 950 742 loouuom
968 661 1094 725 obrutus
1110 661 1196 741 qui-s

173 751 246 815 olom
267 751 391 815 divinus
413 751 494 833 puis
516 750 632 832 iupeuii
653 751 823 814 eluentis.
844 749 1174 832 (Aoyasuoosoootro

173 838 334 904 Iulianum
357 837 459 921 Pelop.
482 837 540 904 IV
556 843 606 902 12.
631 842 672 902 60
696 837 730 902 Τ.
754 837 838 920 Xp.
861 842 925 903 112
946 836 1043 920 Bon.)

142 940 158 988 e
239 926 374 1028 (Homo)
396 947 465 992 oum
479 926 607 1016 froyilis
623 925 837 1008 imbecillisque
853 930 1009 1005 uosoolar,
1032 931 1133 990 mosen
1150 929 1175 988 el

174 1035 196 1079 o
222 1035 275 1078 mu
278 1017 318 1096 lis
278 1015 560 1079 monilibus
512 1018 596 1078 lilius
620 1019 666 1080 est
686 1018 715 1078 el
735 1035 773 1078 ou
794 1015 912 1092 munio,
937 1034 1016 1096 quoe
1037 1014 1174 1096 firmiora

174 1091 359 1182 uosouulur,
386 1103 507 1167 eliomsi
532 1102 596 1166 olm
623 1101 699 1166 coeli
723 1102 846 1182 fortiter
861 1123 908 1184 pu
910 1107 991 1166 iau
989 1123 1042 1182 ur
1069 1101 1108 1166 ab
1129 1101 1206 1165 lio-10

174 1192 257 1256 mine
284 1195 387 1255 tumm
409 1196 476 1254 luto
497 1210 559 1256 esse
580 1195 798 1272 uoiopossuul.
838 1191 958 1272 Itoiil,
980 1189 1109 1292 utplus
1127 1190 1173 1253 lo

175 1279 254 1342 mini
276 1279 413 1359 couferol
432 1280 514 1344 rollo
531 1297 625 1360 quom
641 1283 758 1342 notura
774 1277 876 1357 mulis,
899 1279 1047 1360 quoniam
1064 1277 1174 1342 inillis

175 1385 228 1430 neo
258 1367 437 1448 subpulludo
467 1367 583 1432 uirium
613 1387 708 1448 oeque
736 1367 871 1448 firmitus
902 1368 1038 1448 corpoeis
1066 1367 1174 1449 effioeri

170 1457 282 1536 polest,
308 1473 368 1536 quo
390 1455 494 1520 miuus
516 1460 573 1519 ool
593 1456 809 1538 opprimuntur
830 1476 852 1520 o
872 1455 960 1520 uobis
982 1460 1040 1520 out
1059 1460 1174 1520 nostru

174 1542 307 1608 subiecto
328 1543 393 1607 siul
411 1544 552 1624 polesloli
573 1548 625 1608 elo.
660 1542 763 1622 Pluto,
785 1547 822 1608 al
841 1543 903 1621 bos,
926 1544 1021 1622 medo,
1044 1545 1204 1626 inprolosu

176 1630 332 1712 refelleret,
354 1635 485 1696 uotum
499 1631 620 1714 prolios
636 1631 703 1714 epil,
726 1632 808 1713 quod
823 1631 910 1697 bomo
927 1635 1023 1697 uoles
1040 1637 1115 1698 esset
1128 1635 1172 1696 elo.

174 1717 372 1800 (minutias
393 1719 430 1786 de
451 1719 570 1802 opificio
592 1719 641 1786 dei
662 1725 691 1786 3.
713 1719 779 1803 16.)

261 1859 499 1942 [Desideroulur
520 1859 570 1924 bio
586 1861 721 1943 popinae
743 1861 908 1926 minimum
929 1865 1099 1944 omunia]

136 1974 158 2038 2
176 2014 203 2065 p.
223 1988 253 2066 3]
328 1987 447 2048 ....et
473 1981 629 2048 vehiculis
652 1983 814 2066 tarditati,
837 1983 1012 2068 eademque
1036 2007 1110 2048 oum
1131 2005 1174 2049 ae-

141 2053 315 2157 3eepisset
344 2069 491 2136 homines
518 2070 690 2136 inconditis
717 2071 850 2136 vocibus
877 2070 1066 2138 inchoatum
1094 2073 1174 2157 quid·

176 2158 251 2224 dam
274 2163 306 2224 et
329 2158 498 2225 confusum
522 2162 683 2241 sonantes,
705 2158 819 2224 insidit
840 2159 900 2224 has
924 2163 957 2224 et
979 2159 1129 2226 distinxit
1144 2161 1203 2224 inu

175 2247 280 2332 partis
304 2251 337 2311 et
359 2251 396 2310 ut
419 2248 514 2332 signa
536 2247 693 2331 quaedam
717 2247 763 2310 sio
785 2248 886 2311 verba
907 2248 1004 2312 rebus
1027 2249 1173 2334 inpressit

111 2347 114 2353 “
176 2335 386 2419 hominesque
418 2339 513 2400 antea
545 2335 735 2399 dissociatos
767 2334 997 2400 iucundissimo
1029 2337 1117 2402 inter
1145 2357 1172 2400 se

179 2423 336 2488 sermonis
372 2422 478 2488 vinclo
516 2423 701 2508 conligavit.
748 2421 779 2486 A
811 2422 911 2488 simili
942 2425 1043 2490 etiam
1074 2429 1173 2490 mente

176 2511 274 2594 vocis,
297 2511 352 2595 qui
374 2510 567 2576 videbantur
588 2510 716 2594 infiniti,
739 2510 811 2574 soni
833 2511 943 2595 paucis
965 2513 1056 2578 notis
1073 2514 1173 2579 inven-

175 2627 200 2679 p.
221 2602 253 2679 4]
276 2600 318 2664 tis
344 2599 348 2682 l
373 2603 449 2662 sunt
477 2620 587 2664 omnes
616 2598 738 2684 signati
765 2602 799 2662 et
822 2600 977 2684 expressi,
1007 2601 1124 2684 quibus
1146 2605 1201 2664 eis

177 2688 349 2774 conloquia
378 2707 450 2752 oum
483 2687 671 2751 absentibus
704 2689 736 2751 et
767 2687 886 2752 indioia
914 2689 1122 2753 voluntatum
1146 2691 1172 2752 et

176 2778 386 2843 monumenta
407 2796 516 2840 rerum
538 2775 787 2860 praeteritarum
810 2777 1005 2842 tenerentur.
1034 2775 1172 2842 Accessit

177 2883 216 2926 eo
242 2883 409 2945 uumerus,
437 2884 490 2928 res
518 2885 590 2928 eum
614 2863 779 2928 advitam
800 2863 995 2947 necessaria,
1024 2869 1096 2930 tum
1116 2870 1173 2930 una

176 2948 378 3013 inmutabilis
407 2955 440 3014 et
463 2954 607 3034 aeterna3
636 2973 717 3034 quae
739 2950 846 3034 prima
867 2951 988 3036 inpulit
1010 2953 1122 3036 etiam,
1141 2956 1172 3015 ut

179 3036 413 3121 suspioersmus
435 3038 471 3102 in
487 3039 614 3103 caelum
631 3059 690 3103 neo
707 3038 831 3103 frustra
850 3038 990 3104 siderum
1008 3044 1115 3106 motus
1132 3042 1169 3103 in·
1180 3055 1199 3094 u

176 3128 340 3190 tueremur
361 3124 735 3210 dinumerationibusque
752 3125 897 3191 noctium
915 3150 953 3192 ao
971 3128 1108 3194 diesuna
1120 3179 1126 3192 .
1139 3177 1164 3192 ..

389 3263 627 3344 [Desidoroulur
646 3266 711 3346 fere
732 3271 795 3330 oolo
811 3267 971 3350 pupiilae]

137 3365 205 3488 41).
226 3386 373 3463 eos]
411 3405 590 3466 ..quorum
620 3387 720 3451 animi
748 3387 846 3452 altius
875 3409 909 3452 ss
939 3391 1119 3455 extulerunt
1141 3392 1168 3452 et

178 3471 301 3554 aliquid
320 3433 454 3555 digddm
472 3470 565 3556 dono,
587 3476 625 3536 ut
643 3479 718 3539 ante
737 3475 811 3558 dixi,
831 3475 963 3540 deorum
982 3481 1040 3543 aut
1057 3479 1168 3542 efficere
