2476 3936
158 175 224 240 364
514 169 804 226 ouaneusmcu

158 341 227 384 rem
254 317 434 404 publicam,
463 338 561 401 quam
584 316 639 380 diu
662 315 704 380 ab
728 314 878 380 omnibus
899 313 1006 378 honor
1026 311 1162 397 principi

159 407 372 473 exhiberetur.
408 403 537 487 (Penus
558 403 762 470 Picluuiensis
782 405 826 468 ad
846 403 979 468 munau.
996 401 1079 467 Bul.
1097 401 1163 466 ΡΡ.

158 497 256 579 Istud.
281 494 366 560 Tem.
389 493 504 558 XXII
515 514 549 576 p.
572 493 662 577 824.)

225 583 273 650 Μ
293 582 416 649 Tullius
438 583 475 647 de
496 602 530 648 re
544 581 631 664 publ.
650 581 700 646 leb.
726 580 768 647 V:
790 579 874 644 Tum
890 579 1023 663 virtute,
1045 579 1165 661 labore,

159 672 319 737 industria
354 673 502 736 luerclur
538 669 656 734 summi
689 669 753 734 viri
783 669 939 752 indolem,
975 669 1040 732 nisi
1070 667 1166 731 nimis
1190 684 1201 724 5

161 760 305 826 animose
331 759 424 825 ferox
450 762 570 824 natura
596 759 691 823 illum
713 756 985 841 nescioquo...
1028 757 1167 839 (Nonius

154 871 180 934 p
227 940 275 1005 M.
296 936 419 1002 Tullius
440 937 477 1002 de
498 955 532 1000 re
543 935 628 1018 pucbl.
646 934 698 1002 ln.
721 935 764 1000 V:
787 955 870 1019 quae
887 933 993 999 virius
1010 932 1168 998 forliiudc

161 1031 310 1108 vocatur,
332 1026 368 1090 in
391 1046 456 1109 qua
478 1027 529 1089 esi
551 1022 741 1110 magnitudo
765 1022 873 1106 animi,
896 1023 1013 1086 mortis
1036 1022 1169 1087 doloris-

162 1136 223 1200 que
247 1135 368 1199 magna
391 1112 598 1197 conlemplio.
634 1111 732 1194 (Neu.
749 1133 784 1194 p.
805 1116 879 1176 201.
901 1111 970 1194 29.)
1181 1128 1202 1165 1⁰

110 1177 142 1301 ὦ
228 1205 277 1268 M.
297 1203 420 1267 Tullius
441 1203 479 1266 de
499 1222 533 1266 ue
548 1201 634 1283 publ.
657 1200 707 1264 lib.
726 1199 769 1265 V:
791 1197 966 1264 Marcellus
988 1202 1028 1263 ul
1046 1219 1120 1262 scer
1139 1202 1170 1262 el

161 1312 306 1376 pugnax,
333 1290 495 1355 Maximus
518 1292 556 1353 ul
577 1287 798 1354 consideratus
822 1291 856 1352 el
878 1288 996 1352 lentus.
1032 1287 1171 1372 (Nonio

228 1465 336 1532 ‘orbi'
354 1379 419 1548 ino
450 1466 519 1530 orbe
545 1463 718 1531 Murenam
748 1465 784 1530 de
814 1464 997 1546 republica
1025 1464 1100 1529 libro
1129 1464 1171 1529 V:

162 1555 234 1620 orbi
260 1559 423 1620 lemarum
453 1552 762 1639 comprehensos...
787 1557 816 1618 el
834 1553 1008 1634 frequenter
1030 1553 1171 1634 antiquos
1184 1569 1204 1607 1⁵

161 1645 208 1709 itu
230 1645 343 1710 Multos
364 1642 491 1709 Plinius
513 1644 615 1708 eodem
637 1642 715 1708 libro
742 1640 794 1706 VI
810 1647 904 1707 nolui.
945 1640 1130 1725 (Charisius
1151 1641 1175 1705 I

156 1754 190 1815 p.
212 1737 350 1798 139.17
370 1731 469 1815 Keil.)
889 1794 891 1798 .

228 1822 278 1886 M.
302 1819 425 1886 Tullius
451 1821 487 1884 de
513 1839 547 1884 re
566 1818 652 1902 publ.
680 1818 730 1884 leb.
758 1818 801 1883 V.-
833 1818 919 1902 quod
942 1817 1102 1882 molestiis
1127 1839 1173 1882 se

162 1909 303 1973 nectutis
327 1930 404 1975 suae
426 1911 552 1973 vestras
574 1905 718 1972 familias
740 1907 908 1991 impertire
930 1910 1051 1991 posset.
1091 1906 1172 1990 (No

162 1999 235 2062 nius
251 2019 285 2080 p.
307 2001 359 2062 37.
381 1997 449 2080 25.)
1184 2012 1206 2051 ²⁰

111 2055 144 2183 3
226 2085 340 2150 Postea
356 2085 411 2149 boe
428 2085 521 2148 eleon
538 2084 661 2149 eddidit
671 2083 874 2148 insulsissime
885 2081 1047 2167 (Seneou):
1066 2083 1174 2166 ‘Apud

162 2173 266 2254 ipsulm
283 2170 419 2254 quoque,
436 2173 547 2256 inquil,
565 2171 748 2238 ‘Oieeroncn
765 2172 898 2236 iuvenies
915 2173 1009 2236 elium
1026 2173 1062 2236 in
1075 2192 1173 2255 prosu

163 2260 300 2325 erutione
322 2261 486 2340 quondan,
508 2280 546 2326 en
567 2261 675 2342 quibus
697 2259 853 2343 inlellepus
873 2261 965 2326 illum
986 2281 1051 2324 nen
1066 2262 1172 2342 perdi·

163 2349 243 2414 disse
265 2368 401 2431 operum
427 2350 509 2430 quod
529 2349 673 2413 Ennium
695 2347 784 2431 leyil?
829 2348 926 2412 Ponit
945 2349 1067 2428 deinde,
1093 2369 1172 2430 quoe

162 2438 249 2520 apud
273 2435 446 2503 &nonem
477 2437 675 2519 reprehendet
704 2438 795 2518 quiesi
820 2437 987 2514 Enniano,
1019 2439 1206 2518 quociens

162 2526 319 2608 scripserit
343 2526 379 2590 in
406 2525 494 2591 libris
519 2526 556 2590 de
581 2546 615 2590 ue
634 2525 777 2607 publicu:
810 2527 848 2588 ul
874 2524 1022 2589 Menelao
1050 2525 1172 2590 Laconi

165 2613 323 2697 quaedam
340 2612 404 2678 fuis
423 2613 652 2698 suaviloquens
670 2612 861 2697 iucunditas,
884 2618 914 2678 el
929 2614 1011 2694 quod
1026 2614 1092 2678 ulio
1110 2614 1171 2678 loco

164 2702 296 2853 {egunt
331 2702 625 2786 breviloquentiam
656 2701 692 2766 in
723 2701 856 2766 dicendo
888 2700 984 2766 colat.
1034 2701 1172 2786 (Gellius

261 2793 293 2855 2.
316 2795 337 2855 6
358 2790 417 2873 sq)

231 2875 357 2940 Horum
378 2878 578 2944 obstinatione
600 2878 767 2943 libertatem
784 2877 945 2960 lemnius,
966 2879 1171 2943 constantium
1183 2893 1206 2934 u

163 2963 298 3028 eudocia
318 2984 478 3047 praeceps,
506 2968 707 3049 eloquentiane
728 2967 835 3032 inanis
857 2967 1006 3048 quaedum
1029 2968 1172 3032 imitatur
1231 2953 1232 2988 ¹

163 3050 294 3133 Manlio
318 3050 473 3132 loquendi,
499 3059 633 3135 querum
654 3056 771 3120 uilium
791 3056 963 3133 scaevitate,
988 3059 1026 3119 ul
1050 3056 1171 3120 Tullius
1231 3041 1232 3094 i

163 3138 430 3219 unaecunque
443 3142 675 3224 esluellqionen
686 3143 971 3226 denpiiuolicoulis.
1001 3143 1171 3208 Ailcnim:
1231 3199 1232 3204 ,

164 3225 309 3312 Cumque
332 3226 415 3292 nihil
438 3230 507 3292 lam
529 3229 753 3316 incorruptum
776 3251 845 3296 esse
869 3232 986 3296 debeat
1007 3230 1043 3294 in
1062 3253 1099 3296 re
1117 3254 1171 3317 pu-

163 3314 251 3379 blica
274 3336 372 3399 quam
391 3315 590 3400 suffragium,
614 3340 711 3401 quam
730 3318 899 3402 sententia,
920 3341 988 3384 non
1004 3319 1171 3404 intellego,
1183 3332 1208 3374 ³⁵

164 3422 234 3483 cur,
260 3402 316 3484 qui
339 3423 377 3466 ea
398 3403 534 3485 pecunia
557 3407 750 3491 corruperit,
772 3429 877 3491 poena
899 3407 1018 3492 dignus
1042 3408 1095 3492 sil,
1118 3407 1172 3490 qui

165 3486 360 3570 eloquentia,
378 3487 507 3552 laudem
525 3489 624 3557 eiiam
642 3493 736 3560 ferai.
769 3494 851 3560 Mihi
870 3495 999 3581 quidem
1017 3495 1080 3560 hoc
1098 3497 1171 3580 plus
