<?xml version="1.0" encoding="UTF-8"?>
<!DOCTYPE html PUBLIC "-//W3C//DTD XHTML 1.0 Transitional//EN"
    "http://www.w3.org/TR/xhtml1/DTD/xhtml1-transitional.dtd">
<html xmlns="http://www.w3.org/1999/xhtml" xml:lang="en" lang="en">
 <head>
  <title>
</title>
<meta http-equiv="Content-Type" content="text/html;charset=utf-8" />
  <meta name='ocr-system' content='tesseract 3.04.00' />
  <meta name='ocr-capabilities' content='ocr_page ocr_carea ocr_par ocr_line ocrx_word'/>
</head>
<body>
  <div class='ocr_page' id='page_1' title='image "./mtulliiciceroni03mlgoog_0338.png"; bbox 0 0 2476 3936; ppageno 0'>
   <div class='ocr_carea' id='block_1_1' title="bbox 205 208 1067 280">
    <p class='ocr_par' dir='ltr' id='par_1_1' title="bbox 205 208 1067 280">
     <span class='ocr_line' id='line_1_1' title="bbox 205 208 1067 280; baseline 0.023 -20"><span class='ocrx_word' id='word_1_1' title='bbox 205 218 210 225; x_wconf 92' lang='lat'>·</span> <span class='ocrx_word' id='word_1_2' title='bbox 319 208 823 279; x_wconf 71' lang='lat' dir='ltr'><strong>Llss.1.cnP‚1s-aa.eso-as.</strong></span> <span class='ocrx_word' id='word_1_3' title='bbox 1002 213 1067 280; x_wconf 84' lang='grc'><strong>287</strong></span> 
     </span>
    </p>
   </div>
   <div class='ocr_carea' id='block_1_2' title="bbox 30 354 1121 1658">
    <p class='ocr_par' dir='ltr' id='par_1_2' title="bbox 69 354 1067 442">
     <span class='ocr_line' id='line_1_2' title="bbox 69 354 1067 442; baseline 0.004 -24"><span class='ocrx_word' id='word_1_4' title='bbox 69 375 133 418; x_wconf 89' lang='lat' dir='ltr'><strong>esse</strong></span> <span class='ocrx_word' id='word_1_5' title='bbox 156 354 275 426; x_wconf 86' lang='lat' dir='ltr'><strong>scimus</strong></span> <span class='ocrx_word' id='word_1_6' title='bbox 298 358 332 420; x_wconf 92' lang='lat' dir='ltr'><strong>et</strong></span> <span class='ocrx_word' id='word_1_7' title='bbox 352 355 514 440; x_wconf 79' lang='lat' dir='ltr'><strong>videmus,</strong></span> <span class='ocrx_word' id='word_1_8' title='bbox 537 355 565 420; x_wconf 88' lang='lat' dir='ltr'><strong>si</strong></span> <span class='ocrx_word' id='word_1_9' title='bbox 586 355 621 421; x_wconf 89' lang='lat' dir='ltr'><strong>id</strong></span> <span class='ocrx_word' id='word_1_10' title='bbox 643 355 792 423; x_wconf 87' lang='lat' dir='ltr'><strong>effectum</strong></span> <span class='ocrx_word' id='word_1_11' title='bbox 816 358 872 442; x_wconf 89' lang='lat' dir='ltr'><strong>sit,</strong></span> <span class='ocrx_word' id='word_1_12' title='bbox 895 362 929 424; x_wconf 80' lang='lat' dir='ltr'><strong>et</strong></span> <span class='ocrx_word' id='word_1_13' title='bbox 952 359 1067 424; x_wconf 89' lang='lat' dir='ltr'><strong>melius</strong></span> 
     </span>
    </p>

    <p class='ocr_par' dir='ltr' id='par_1_3' title="bbox 67 443 596 510">
     <span class='ocr_line' id='line_1_3' title="bbox 67 443 596 510; baseline 0.004 -4"><span class='ocrx_word' id='word_1_14' title='bbox 67 463 123 507; x_wconf 85' lang='lat' dir='ltr'><strong>nos</strong></span> <span class='ocrx_word' id='word_1_15' title='bbox 145 465 215 510; x_wconf 89' lang='lat' dir='ltr'><strong>esse</strong></span> <span class='ocrx_word' id='word_1_16' title='bbox 236 443 380 510; x_wconf 84' lang='lat' dir='ltr'><strong>victuros</strong></span> <span class='ocrx_word' id='word_1_17' title='bbox 405 447 438 509; x_wconf 87' lang='lat' dir='ltr'><strong>et</strong></span> <span class='ocrx_word' id='word_1_18' title='bbox 460 443 596 509; x_wconf 86' lang='lat' dir='ltr'><strong>beatius.</strong></span> 
     </span>
    </p>

    <p class='ocr_par' dir='ltr' id='par_1_4' title="bbox 68 499 1121 708">
     <span class='ocr_line' id='line_1_4' title="bbox 129 499 1121 625; baseline 0.004 -28"><span class='ocrx_word' id='word_1_19' title='bbox 129 530 209 597; x_wconf 74' lang='lat' dir='ltr'><strong>&#39;I&#39;um</strong></span> <span class='ocrx_word' id='word_1_20' title='bbox 223 529 361 598; x_wconf 88' lang='lat' dir='ltr'><strong>Mucius:</strong></span> <span class='ocrx_word' id='word_1_21' title='bbox 380 530 465 606; x_wconf 78' lang='lat' dir='ltr'><strong>Quid</strong></span> <span class='ocrx_word' id='word_1_22' title='bbox 482 553 552 597; x_wconf 86' lang='lat' dir='ltr'><strong>esse</strong></span> <span class='ocrx_word' id='word_1_23' title='bbox 570 531 672 618; x_wconf 84' lang='lat' dir='ltr'><strong>igitur</strong></span> <span class='ocrx_word' id='word_1_24' title='bbox 690 553 809 618; x_wconf 82' lang='lat' dir='ltr'>censes,</span> <span class='ocrx_word' id='word_1_25' title='bbox 827 533 928 619; x_wconf 90' lang='lat' dir='ltr'><strong>Laeli,</strong></span> <span class='ocrx_word' id='word_1_26' title='bbox 947 499 1121 625; x_wconf 58' lang='lat' dir='ltr'><strong>discen-232</strong></span> 
     </span>
     <span class='ocr_line' id='line_1_5' title="bbox 68 617 1069 708; baseline 0.004 -24"><span class='ocrx_word' id='word_1_27' title='bbox 68 618 139 686; x_wconf 88' lang='lat' dir='ltr'><strong>dum</strong></span> <span class='ocrx_word' id='word_1_28' title='bbox 167 619 277 704; x_wconf 89' lang='lat' dir='ltr'><strong>nobis,</strong></span> <span class='ocrx_word' id='word_1_29' title='bbox 308 623 345 685; x_wconf 89' lang='lat' dir='ltr'><strong>ut</strong></span> <span class='ocrx_word' id='word_1_30' title='bbox 371 617 460 686; x_wconf 89' lang='lat' dir='ltr'><strong>istud</strong></span> <span class='ocrx_word' id='word_1_31' title='bbox 487 619 612 686; x_wconf 86' lang='lat' dir='ltr'><strong>efficere</strong></span> <span class='ocrx_word' id='word_1_32' title='bbox 639 621 801 705; x_wconf 87' lang='lat' dir='ltr'><strong>possimus</strong></span> <span class='ocrx_word' id='word_1_33' title='bbox 828 623 949 708; x_wconf 91' lang='lat' dir='ltr'><strong>ipsum,</strong></span> <span class='ocrx_word' id='word_1_34' title='bbox 982 623 1069 708; x_wconf 91' lang='lat' dir='ltr'><strong>quod</strong></span> 
     </span>
    </p>

    <p class='ocr_par' dir='ltr' id='par_1_5' title="bbox 42 707 1068 1147">
     <span class='ocr_line' id='line_1_6' title="bbox 42 707 1068 794; baseline 0.003 -21"><span class='ocrx_word' id='word_1_35' title='bbox 42 707 232 792; x_wconf 78' lang='lat' dir='ltr'><strong>⁵postulas?</strong></span> <span class='ocrx_word' id='word_1_36' title='bbox 260 708 298 774; x_wconf 84' lang='lat' dir='ltr'><strong>L.</strong></span> <span class='ocrx_word' id='word_1_37' title='bbox 316 708 383 775; x_wconf 85' lang='lat' dir='ltr'><strong>Eas</strong></span> <span class='ocrx_word' id='word_1_38' title='bbox 406 708 496 790; x_wconf 86' lang='lat' dir='ltr'><strong>artis,</strong></span> <span class='ocrx_word' id='word_1_39' title='bbox 520 731 601 793; x_wconf 90' lang='lat' dir='ltr'><strong>quae</strong></span> <span class='ocrx_word' id='word_1_40' title='bbox 621 708 772 794; x_wconf 88' lang='lat' dir='ltr'><strong>efficiant,</strong></span> <span class='ocrx_word' id='word_1_41' title='bbox 795 715 832 775; x_wconf 91' lang='lat' dir='ltr'><strong>ut</strong></span> <span class='ocrx_word' id='word_1_42' title='bbox 850 711 924 777; x_wconf 89' lang='lat' dir='ltr'><strong>usui</strong></span> <span class='ocrx_word' id='word_1_43' title='bbox 941 711 1068 778; x_wconf 87' lang='lat' dir='ltr'><strong>civitati</strong></span> 
     </span>
     <span class='ocr_line' id='line_1_7' title="bbox 67 795 1067 883; baseline 0.004 -23"><span class='ocrx_word' id='word_1_44' title='bbox 67 795 177 880; x_wconf 82' lang='lat' dir='ltr'><strong>simus3</strong></span> <span class='ocrx_word' id='word_1_45' title='bbox 194 795 228 861; x_wconf 92' lang='lat' dir='ltr'><strong>id</strong></span> <span class='ocrx_word' id='word_1_46' title='bbox 246 797 332 862; x_wconf 86' lang='lat' dir='ltr'><strong>enim</strong></span> <span class='ocrx_word' id='word_1_47' title='bbox 350 818 421 862; x_wconf 92' lang='lat' dir='ltr'><strong>esse</strong></span> <span class='ocrx_word' id='word_1_48' title='bbox 439 797 735 883; x_wconf 85' lang='lat' dir='ltr'><strong>praeclarissimum</strong></span> <span class='ocrx_word' id='word_1_49' title='bbox 754 799 931 883; x_wconf 85' lang='lat' dir='ltr'><strong>sapientiae</strong></span> <span class='ocrx_word' id='word_1_50' title='bbox 950 823 1067 865; x_wconf 89' lang='lat' dir='ltr'><strong>munus</strong></span> 
     </span>
     <span class='ocr_line' id='line_1_8' title="bbox 65 884 1067 969; baseline 0.005 -20"><span class='ocrx_word' id='word_1_51' title='bbox 65 884 301 969; x_wconf 84' lang='lat' dir='ltr'><strong>maximumque</strong></span> <span class='ocrx_word' id='word_1_52' title='bbox 323 885 454 951; x_wconf 83' lang='lat' dir='ltr'><strong>virtutis</strong></span> <span class='ocrx_word' id='word_1_53' title='bbox 475 884 479 968; x_wconf 90' lang='grc'>1</span> <span class='ocrx_word' id='word_1_54' title='bbox 499 886 551 951; x_wconf 84' lang='lat' dir='ltr'><strong>vel</strong></span> <span class='ocrx_word' id='word_1_55' title='bbox 575 885 801 952; x_wconf 78' lang='lat' dir='ltr'><strong>documentum</strong></span> <span class='ocrx_word' id='word_1_56' title='bbox 819 888 871 952; x_wconf 87' lang='lat' dir='ltr'><strong>vel</strong></span> <span class='ocrx_word' id='word_1_57' title='bbox 890 888 936 954; x_wconf 87' lang='lat' dir='ltr'><strong>of·</strong></span> <span class='ocrx_word' id='word_1_58' title='bbox 959 890 1000 969; x_wconf 87' lang='lat' dir='ltr'><strong>[p.</strong></span> <span class='ocrx_word' id='word_1_59' title='bbox 1015 903 1067 954; x_wconf 79' lang='lat' dir='ltr'><strong>alo</strong></span> 
     </span>
     <span class='ocr_line' id='line_1_9' title="bbox 65 972 1068 1059; baseline 0.005 -22"><span class='ocrx_word' id='word_1_60' title='bbox 65 972 168 1038; x_wconf 88' lang='lat' dir='ltr'><strong>ficium</strong></span> <span class='ocrx_word' id='word_1_61' title='bbox 195 976 285 1059; x_wconf 92' lang='lat' dir='ltr'><strong>puto.</strong></span> <span class='ocrx_word' id='word_1_62' title='bbox 330 972 434 1048; x_wconf 78' lang='lat' dir='ltr'><strong>Quam</strong></span> <span class='ocrx_word' id='word_1_63' title='bbox 462 973 504 1038; x_wconf 95' lang='lat' dir='ltr'><strong>ob</strong></span> <span class='ocrx_word' id='word_1_64' title='bbox 532 996 614 1057; x_wconf 88' lang='lat' dir='ltr'><strong>rem,</strong></span> <span class='ocrx_word' id='word_1_65' title='bbox 641 978 679 1038; x_wconf 89' lang='lat' dir='ltr'><strong>ut</strong></span> <span class='ocrx_word' id='word_1_66' title='bbox 700 975 762 1040; x_wconf 88' lang='lat' dir='ltr'><strong>hae</strong></span> <span class='ocrx_word' id='word_1_67' title='bbox 785 975 886 1040; x_wconf 82' lang='lat' dir='ltr'><strong>feriae</strong></span> <span class='ocrx_word' id='word_1_68' title='bbox 907 976 1002 1042; x_wconf 89' lang='lat' dir='ltr'><strong>nobis</strong></span> <span class='ocrx_word' id='word_1_69' title='bbox 1027 977 1068 1042; x_wconf 86' lang='lat' dir='ltr'><strong>ad</strong></span> 
     </span>
     <span class='ocr_line' id='line_1_10' title="bbox 64 1061 1068 1147; baseline 0.006 -23"><span class='ocrx_word' id='word_1_70' title='bbox 64 1061 254 1128; x_wconf 86' lang='lat' dir='ltr'><strong>utilissimos</strong></span> <span class='ocrx_word' id='word_1_71' title='bbox 286 1062 334 1128; x_wconf 85' lang='lat' dir='ltr'><strong>rei</strong></span> <span class='ocrx_word' id='word_1_72' title='bbox 359 1061 509 1147; x_wconf 87' lang='lat' dir='ltr'><strong>publicae</strong></span> <span class='ocrx_word' id='word_1_73' title='bbox 536 1083 700 1128; x_wconf 80' lang='lat' dir='ltr'><strong>sermones</strong></span> <span class='ocrx_word' id='word_1_74' title='bbox 727 1063 934 1147; x_wconf 90' lang='lat' dir='ltr'><strong>potissimum</strong></span> <span class='ocrx_word' id='word_1_75' title='bbox 962 1064 1068 1130; x_wconf 75' lang='lat' dir='ltr'><strong>conte</strong></span> 
     </span>
    </p>

    <p class='ocr_par' dir='ltr' id='par_1_6' title="bbox 31 1147 1068 1570">
     <span class='ocr_line' id='line_1_11' title="bbox 31 1147 1068 1237; baseline 0.005 -25"><span class='ocrx_word' id='word_1_76' title='bbox 31 1155 184 1234; x_wconf 82' lang='lat' dir='ltr'><strong>urantur,</strong></span> <span class='ocrx_word' id='word_1_77' title='bbox 207 1147 390 1236; x_wconf 75' lang='lat' dir='ltr'><strong>Scipionem</strong></span> <span class='ocrx_word' id='word_1_78' title='bbox 412 1171 579 1236; x_wconf 81' lang='lat' dir='ltr'><strong>rogemus,</strong></span> <span class='ocrx_word' id='word_1_79' title='bbox 605 1155 642 1215; x_wconf 93' lang='lat' dir='ltr'><strong>ut</strong></span> <span class='ocrx_word' id='word_1_80' title='bbox 666 1150 817 1236; x_wconf 76' lang='lat' dir='ltr'><strong>explicet,</strong></span> <span class='ocrx_word' id='word_1_81' title='bbox 841 1174 936 1237; x_wconf 91' lang='lat' dir='ltr'><strong>quem</strong></span> <span class='ocrx_word' id='word_1_82' title='bbox 959 1152 1068 1217; x_wconf 85' lang='lat' dir='ltr'><strong>existi·</strong></span> 
     </span>
     <span class='ocr_line' id='line_1_12' title="bbox 64 1237 1067 1324; baseline 0.003 -21"><span class='ocrx_word' id='word_1_83' title='bbox 64 1243 128 1304; x_wconf 91' lang='lat' dir='ltr'><strong>met</strong></span> <span class='ocrx_word' id='word_1_84' title='bbox 145 1260 217 1304; x_wconf 89' lang='lat' dir='ltr'><strong>esse</strong></span> <span class='ocrx_word' id='word_1_85' title='bbox 235 1239 396 1324; x_wconf 91' lang='lat' dir='ltr'><strong>optimum</strong></span> <span class='ocrx_word' id='word_1_86' title='bbox 415 1241 539 1304; x_wconf 86' lang='lat' dir='ltr'><strong>statum</strong></span> <span class='ocrx_word' id='word_1_87' title='bbox 557 1238 709 1305; x_wconf 84' lang='lat' dir='ltr'><strong>civitatis.</strong></span> <span class='ocrx_word' id='word_1_88' title='bbox 745 1237 870 1305; x_wconf 86' lang='lat' dir='ltr'><strong>Deinde</strong></span> <span class='ocrx_word' id='word_1_89' title='bbox 889 1240 954 1306; x_wconf 87' lang='lat' dir='ltr'><strong>alia</strong></span> <span class='ocrx_word' id='word_1_90' title='bbox 972 1262 1067 1324; x_wconf 75' lang='lat' dir='ltr'><strong>quae</strong></span> 
     </span>
     <span class='ocr_line' id='line_1_13' title="bbox 63 1326 1068 1413; baseline 0.003 -22"><span class='ocrx_word' id='word_1_91' title='bbox 63 1348 182 1410; x_wconf 84' lang='lat' dir='ltr'><strong>remus3</strong></span> <span class='ocrx_word' id='word_1_92' title='bbox 214 1327 331 1411; x_wconf 91' lang='lat' dir='ltr'><strong>quibus</strong></span> <span class='ocrx_word' id='word_1_93' title='bbox 361 1326 501 1413; x_wconf 82' lang='lat' dir='ltr'><strong>cognitis</strong></span> <span class='ocrx_word' id='word_1_94' title='bbox 531 1348 625 1411; x_wconf 90' lang='lat' dir='ltr'><strong>spero</strong></span> <span class='ocrx_word' id='word_1_95' title='bbox 655 1349 715 1392; x_wconf 88' lang='lat' dir='ltr'><strong>nos</strong></span> <span class='ocrx_word' id='word_1_96' title='bbox 744 1328 785 1393; x_wconf 88' lang='lat' dir='ltr'><strong>ad</strong></span> <span class='ocrx_word' id='word_1_97' title='bbox 812 1329 892 1394; x_wconf 88' lang='lat' dir='ltr'><strong>haec</strong></span> <span class='ocrx_word' id='word_1_98' title='bbox 918 1329 992 1413; x_wconf 88' lang='lat' dir='ltr'><strong>ipsa</strong></span> <span class='ocrx_word' id='word_1_99' title='bbox 1013 1329 1068 1395; x_wconf 90' lang='lat' dir='ltr'><strong>via</strong></span> 
     </span>
     <span class='ocr_line' id='line_1_14' title="bbox 63 1416 1067 1569; baseline 0.001 -88"><span class='ocrx_word' id='word_1_100' title='bbox 63 1419 278 1569; x_wconf 47' lang='lat' dir='ltr'><strong>pgmpntmps</strong></span> <span class='ocrx_word' id='word_1_101' title='bbox 296 1437 470 1569; x_wconf 56' lang='lat' dir='ltr'><strong>etarumque</strong></span> <span class='ocrx_word' id='word_1_102' title='bbox 492 1436 601 1480; x_wconf 88' lang='lat' dir='ltr'><strong>rerum</strong></span> <span class='ocrx_word' id='word_1_103' title='bbox 623 1416 792 1500; x_wconf 86' lang='lat' dir='ltr'><strong>rationem,</strong></span> <span class='ocrx_word' id='word_1_104' title='bbox 816 1437 898 1501; x_wconf 88' lang='lat' dir='ltr'><strong>quae</strong></span> <span class='ocrx_word' id='word_1_105' title='bbox 918 1437 1003 1482; x_wconf 88' lang='lat' dir='ltr'><strong>nuno</strong></span> <span class='ocrx_word' id='word_1_106' title='bbox 1021 1417 1067 1483; x_wconf 90' lang='lat' dir='ltr'><strong>in-</strong></span> 
     </span>
     <span class='ocr_line' id='line_1_15' title="bbox 65 1524 410 1570; baseline 0.003 -3"><span class='ocrx_word' id='word_1_107' title='bbox 65 1524 77 1567; x_wconf 90' lang='lat' dir='ltr'><strong>s</strong></span> <span class='ocrx_word' id='word_1_108' title='bbox 113 1527 135 1568; x_wconf 94' lang='lat' dir='ltr'><strong>n</strong></span> <span class='ocrx_word' id='word_1_109' title='bbox 184 1525 222 1568; x_wconf 87' lang='lat' dir='ltr'><strong>ex</strong></span> <span class='ocrx_word' id='word_1_110' title='bbox 259 1525 309 1570; x_wconf 84' lang='lat' dir='ltr'><strong>roa</strong></span> <span class='ocrx_word' id='word_1_111' title='bbox 324 1525 410 1568; x_wconf 91' lang='lat' dir='ltr'><strong>uros.</strong></span> 
     </span>
    </p>

    <p class='ocr_par' dir='ltr' id='par_1_7' title="bbox 30 1527 1097 1658">
     <span class='ocr_line' id='line_1_16' title="bbox 30 1527 1097 1658; baseline 0 0"><span class='ocrx_word' id='word_1_112' title='bbox 30 1607 52 1646; x_wconf 78' lang='lat'><strong>1⁵</strong></span> <span class='ocrx_word' id='word_1_113' title='bbox 127 1553 209 1658; x_wconf 63' lang='lat' dir='ltr'><strong>(ium</strong></span> <span class='ocrx_word' id='word_1_114' title='bbox 223 1527 266 1656; x_wconf 79' lang='lat' dir='ltr'><strong>Iid</strong></span> <span class='ocrx_word' id='word_1_115' title='bbox 288 1596 320 1656; x_wconf 89' lang='lat' dir='ltr'><strong>et</strong></span> <span class='ocrx_word' id='word_1_116' title='bbox 342 1591 456 1657; x_wconf 91' lang='lat' dir='ltr'><strong>Philus</strong></span> <span class='ocrx_word' id='word_1_117' title='bbox 479 1594 513 1654; x_wconf 90' lang='lat' dir='ltr'><strong>et</strong></span> <span class='ocrx_word' id='word_1_118' title='bbox 530 1589 683 1655; x_wconf 80' lang='lat' dir='ltr'><strong>Manilius</strong></span> <span class='ocrx_word' id='word_1_119' title='bbox 707 1595 741 1655; x_wconf 92' lang='lat' dir='ltr'><strong>et</strong></span> <span class='ocrx_word' id='word_1_120' title='bbox 758 1591 932 1658; x_wconf 81' lang='lat' dir='ltr'><strong>Mummius</strong></span> <span class='ocrx_word' id='word_1_121' title='bbox 956 1563 1097 1658; x_wconf 75' lang='lat' dir='ltr'><strong>admo-2</strong></span> 
     </span>
    </p>
   </div>
   <div class='ocr_carea' id='block_1_3' title="bbox 63 1641 1101 1765">
    <p class='ocr_par' dir='ltr' id='par_1_8' title="bbox 63 1641 1101 1765">
     <span class='ocr_line' id='line_1_17' title="bbox 63 1641 1101 1765; baseline 0.003 -22"><span class='ocrx_word' id='word_1_122' title='bbox 63 1678 137 1746; x_wconf 94' lang='lat' dir='ltr'><strong>dum</strong></span> <span class='ocrx_word' id='word_1_123' title='bbox 160 1679 430 1765; x_wconf 70' lang='lat' dir='ltr'><strong>adprobavissent.</strong></span> <span class='ocrx_word' id='word_1_124' title='bbox 446 1729 452 1744; x_wconf 92' lang='lat'><em>.</em></span> <span class='ocrx_word' id='word_1_125' title='bbox 467 1728 496 1745; x_wconf 90' lang='lat'><strong>..</strong></span> <span class='ocrx_word' id='word_1_126' title='bbox 1086 1641 1101 1688; x_wconf 72' lang='lat'><strong>3</strong></span> 
     </span>
    </p>
   </div>
   <div class='ocr_carea' id='block_1_4' title="bbox 1102 1565 1119 1690">
    <p class='ocr_par' dir='ltr' id='par_1_9' title="bbox 1102 1565 1119 1690">
     <span class='ocr_line' id='line_1_18' title="bbox 1102 1565 1119 1690; baseline 0 0"><span class='ocrx_word' id='word_1_127' title='bbox 1102 1565 1119 1690; x_wconf 80' lang='lat' dir='ltr'><strong>l</strong></span> 
     </span>
    </p>
   </div>
   <div class='ocr_carea' id='block_1_5' title="bbox 305 1819 816 1904">
    <p class='ocr_par' dir='ltr' id='par_1_10' title="bbox 305 1819 816 1904">
     <span class='ocr_line' id='line_1_19' title="bbox 305 1819 816 1904; baseline -0.006 -16"><span class='ocrx_word' id='word_1_128' title='bbox 305 1819 542 1903; x_wconf 73' lang='lat' dir='ltr'><strong>[Destteroatar</strong></span> <span class='ocrx_word' id='word_1_129' title='bbox 558 1820 695 1904; x_wconf 70' lang='lat' dir='ltr'><strong>popinae</strong></span> <span class='ocrx_word' id='word_1_130' title='bbox 717 1821 816 1901; x_wconf 81' lang='lat' dir='ltr'><strong>duaa]</strong></span> 
     </span>
    </p>
   </div>
   <div class='ocr_carea' id='block_1_6' title="bbox 29 1941 1227 3624">
    <p class='ocr_par' dir='ltr' id='par_1_11' title="bbox 62 1941 1069 2208">
     <span class='ocr_line' id='line_1_20' title="bbox 125 1941 1069 2026; baseline -0.001 -13"><span class='ocrx_word' id='word_1_131' title='bbox 125 1945 210 2013; x_wconf 80' lang='lat' dir='ltr'><strong>Scae</strong></span> <span class='ocrx_word' id='word_1_132' title='bbox 240 1947 383 2011; x_wconf 57' lang='lat' dir='ltr'><strong>dumont</strong></span> <span class='ocrx_word' id='word_1_133' title='bbox 412 1949 548 2010; x_wconf 74' lang='lat' dir='ltr'><strong>necares</strong></span> <span class='ocrx_word' id='word_1_134' title='bbox 581 1941 739 2010; x_wconf 72' lang='lat' dir='ltr'><strong>‘simulat’</strong></span> <span class='ocrx_word' id='word_1_135' title='bbox 764 1963 822 2026; x_wconf 82' lang='lat' dir='ltr'><strong>per</strong></span> <span class='ocrx_word' id='word_1_136' title='bbox 849 1943 911 2023; x_wconf 52' lang='grc' dir='ltr'><strong>(α’,</strong></span> <span class='ocrx_word' id='word_1_137' title='bbox 943 1944 997 2011; x_wconf 82' lang='lat' dir='ltr'><strong>too</strong></span> <span class='ocrx_word' id='word_1_138' title='bbox 1024 1949 1069 2012; x_wconf 81' lang='lat' dir='ltr'><strong>est</strong></span> 
     </span>
     <span class='ocr_line' id='line_1_21' title="bbox 63 2029 1067 2118; baseline -0.001 -19"><span class='ocrx_word' id='word_1_139' title='bbox 63 2030 222 2118; x_wconf 78' lang='grc' dir='ltr'><strong><em>ὁμοιάξει,</em></strong></span> <span class='ocrx_word' id='word_1_140' title='bbox 249 2038 285 2098; x_wconf 82' lang='lat' dir='ltr'><strong>at</strong></span> <span class='ocrx_word' id='word_1_141' title='bbox 306 2031 408 2100; x_wconf 79' lang='lat' dir='ltr'><strong>Otccro</strong></span> <span class='ocrx_word' id='word_1_142' title='bbox 436 2034 473 2098; x_wconf 81' lang='lat' dir='ltr'><strong>de</strong></span> <span class='ocrx_word' id='word_1_143' title='bbox 498 2053 532 2097; x_wconf 85' lang='lat' dir='ltr'><strong>re</strong></span> <span class='ocrx_word' id='word_1_144' title='bbox 555 2033 696 2116; x_wconf 75' lang='lat' dir='ltr'><strong>ptcblico:</strong></span> <span class='ocrx_word' id='word_1_145' title='bbox 727 2029 863 2096; x_wconf 89' lang='lat' dir='ltr'><strong>Nullum</strong></span> <span class='ocrx_word' id='word_1_146' title='bbox 891 2035 941 2097; x_wconf 88' lang='lat' dir='ltr'><strong>est</strong></span> <span class='ocrx_word' id='word_1_147' title='bbox 964 2054 1067 2098; x_wconf 85' lang='lat' dir='ltr'><strong>exem·</strong></span> 
     </span>
     <span class='ocr_line' id='line_1_22' title="bbox 62 2119 1068 2208; baseline 0.001 -20"><span class='ocrx_word' id='word_1_148' title='bbox 62 2124 164 2208; x_wconf 86' lang='lat' dir='ltr'><strong>plum,</strong></span> <span class='ocrx_word' id='word_1_149' title='bbox 192 2121 243 2188; x_wconf 89' lang='lat' dir='ltr'><strong>cui</strong></span> <span class='ocrx_word' id='word_1_150' title='bbox 270 2120 422 2188; x_wconf 87' lang='lat' dir='ltr'><strong>malimus</strong></span> <span class='ocrx_word' id='word_1_151' title='bbox 446 2119 641 2186; x_wconf 79' lang='lat' dir='ltr'><strong>adsimulare</strong></span> <span class='ocrx_word' id='word_1_152' title='bbox 663 2141 733 2186; x_wconf 87' lang='lat' dir='ltr'><strong>rem</strong></span> <span class='ocrx_word' id='word_1_153' title='bbox 755 2120 928 2205; x_wconf 88' lang='lat' dir='ltr'><strong>publicam.</strong></span> <span class='ocrx_word' id='word_1_154' title='bbox 974 2120 1068 2205; x_wconf 82' lang='lat' dir='ltr'><strong>(Dio-</strong></span> 
     </span>
    </p>

    <p class='ocr_par' dir='ltr' id='par_1_12' title="bbox 30 2208 605 2292">
     <span class='ocr_line' id='line_1_23' title="bbox 30 2208 605 2292; baseline -0.012 -13"><span class='ocrx_word' id='word_1_155' title='bbox 30 2213 158 2278; x_wconf 70' lang='lat' dir='ltr'><strong>sactes</strong></span> <span class='ocrx_word' id='word_1_156' title='bbox 182 2211 231 2276; x_wconf 76' lang='lat' dir='ltr'><strong>lib.</strong></span> <span class='ocrx_word' id='word_1_157' title='bbox 254 2210 279 2274; x_wconf 95' lang='lat' dir='ltr'><strong><em>I</em></strong></span> <span class='ocrx_word' id='word_1_158' title='bbox 290 2231 324 2292; x_wconf 78' lang='lat' dir='ltr'><strong>p.</strong></span> <span class='ocrx_word' id='word_1_159' title='bbox 347 2211 418 2276; x_wconf 81' lang='lat'><strong><em>365.</em></strong></span> <span class='ocrx_word' id='word_1_160' title='bbox 440 2213 484 2275; x_wconf 77' lang='lat'><strong>20</strong></span> <span class='ocrx_word' id='word_1_161' title='bbox 505 2208 605 2292; x_wconf 84' lang='lat' dir='ltr'><strong>Keil.)</strong></span> 
     </span>
    </p>

    <p class='ocr_par' dir='ltr' id='par_1_13' title="bbox 59 2295 1067 2560">
     <span class='ocr_line' id='line_1_24' title="bbox 125 2295 1066 2380; baseline -0.006 -14"><span class='ocrx_word' id='word_1_162' title='bbox 125 2300 174 2366; x_wconf 81' lang='lat' dir='ltr'><strong>M.</strong></span> <span class='ocrx_word' id='word_1_163' title='bbox 198 2298 321 2364; x_wconf 70' lang='lat' dir='ltr'><strong>Tulliam</strong></span> <span class='ocrx_word' id='word_1_164' title='bbox 350 2299 386 2364; x_wconf 72' lang='lat' dir='ltr'><strong>de</strong></span> <span class='ocrx_word' id='word_1_165' title='bbox 411 2297 588 2379; x_wconf 77' lang='lat' dir='ltr'><strong>republica</strong></span> <span class='ocrx_word' id='word_1_166' title='bbox 609 2297 660 2361; x_wconf 69' lang='lat' dir='ltr'><strong>lto.</strong></span> <span class='ocrx_word' id='word_1_167' title='bbox 683 2296 720 2360; x_wconf 91' lang='lat' dir='ltr'><strong>I:</strong></span> <span class='ocrx_word' id='word_1_168' title='bbox 753 2295 872 2380; x_wconf 83' lang='lat' dir='ltr'><strong>Quare,</strong></span> <span class='ocrx_word' id='word_1_169' title='bbox 899 2297 928 2360; x_wconf 89' lang='lat' dir='ltr'><strong>si</strong></span> <span class='ocrx_word' id='word_1_170' title='bbox 950 2297 1066 2380; x_wconf 89' lang='lat' dir='ltr'><strong>placet,</strong></span> 
     </span>
     <span class='ocr_line' id='line_1_25' title="bbox 60 2383 1067 2454; baseline -0.006 -1"><span class='ocrx_word' id='word_1_171' title='bbox 60 2388 160 2454; x_wconf 89' lang='lat' dir='ltr'><strong>deduc</strong></span> <span class='ocrx_word' id='word_1_172' title='bbox 197 2387 377 2454; x_wconf 88' lang='lat' dir='ltr'><strong>orationem</strong></span> <span class='ocrx_word' id='word_1_173' title='bbox 408 2388 499 2450; x_wconf 90' lang='lat' dir='ltr'><strong>tuam</strong></span> <span class='ocrx_word' id='word_1_174' title='bbox 532 2384 570 2449; x_wconf 89' lang='lat' dir='ltr'><strong>de</strong></span> <span class='ocrx_word' id='word_1_175' title='bbox 603 2384 693 2449; x_wconf 90' lang='lat' dir='ltr'><strong>caelo</strong></span> <span class='ocrx_word' id='word_1_176' title='bbox 724 2383 765 2449; x_wconf 86' lang='lat' dir='ltr'><strong>ad</strong></span> <span class='ocrx_word' id='word_1_177' title='bbox 796 2383 876 2450; x_wconf 87' lang='lat' dir='ltr'><strong>haec</strong></span> <span class='ocrx_word' id='word_1_178' title='bbox 907 2383 1067 2448; x_wconf 87' lang='lat' dir='ltr'><strong>citeriora.</strong></span> 
     </span>
     <span class='ocr_line' id='line_1_26' title="bbox 59 2473 652 2560; baseline -0.008 -18"><span class='ocrx_word' id='word_1_179' title='bbox 59 2477 251 2560; x_wconf 63' lang='lat' dir='ltr'><strong>(Noniae.</strong></span> <span class='ocrx_word' id='word_1_180' title='bbox 274 2477 323 2542; x_wconf 85' lang='grc'><strong>85.</strong></span> <span class='ocrx_word' id='word_1_181' title='bbox 346 2473 652 2556; x_wconf 56' lang='lat' dir='ltr'><strong>recreasse.)</strong></span> 
     </span>
    </p>

    <p class='ocr_par' dir='ltr' id='par_1_14' title="bbox 66 2557 1111 2643">
     <span class='ocr_line' id='line_1_27' title="bbox 66 2557 1111 2643; baseline -0.008 -12"><span class='ocrx_word' id='word_1_182' title='bbox 66 2575 215 2631; x_wconf 69' lang='lat' dir='ltr'><strong>...mon</strong></span> <span class='ocrx_word' id='word_1_183' title='bbox 233 2563 339 2630; x_wconf 91' lang='lat' dir='ltr'><strong>solum</strong></span> <span class='ocrx_word' id='word_1_184' title='bbox 358 2561 400 2628; x_wconf 93' lang='lat' dir='ltr'><strong>ob</strong></span> <span class='ocrx_word' id='word_1_185' title='bbox 419 2582 490 2626; x_wconf 90' lang='lat' dir='ltr'><strong>eam</strong></span> <span class='ocrx_word' id='word_1_186' title='bbox 509 2582 640 2626; x_wconf 87' lang='lat' dir='ltr'><strong>causam</strong></span> <span class='ocrx_word' id='word_1_187' title='bbox 653 2560 725 2625; x_wconf 90' lang='lat' dir='ltr'><strong>fieri</strong></span> <span class='ocrx_word' id='word_1_188' title='bbox 737 2559 836 2642; x_wconf 77' lang='lat' dir='ltr'><strong>volui,</strong></span> <span class='ocrx_word' id='word_1_189' title='bbox 858 2557 945 2643; x_wconf 90' lang='lat' dir='ltr'><strong>quod</strong></span> <span class='ocrx_word' id='word_1_190' title='bbox 964 2559 1066 2637; x_wconf 78' lang='lat' dir='ltr'><strong>[pass</strong></span> <span class='ocrx_word' id='word_1_191' title='bbox 1104 2621 1111 2636; x_wconf 82' lang='grc'>,</span> 
     </span>
    </p>

    <p class='ocr_par' dir='ltr' id='par_1_15' title="bbox 29 2645 1067 3093">
     <span class='ocr_line' id='line_1_28' title="bbox 29 2645 1067 2736; baseline -0.009 -17"><span class='ocrx_word' id='word_1_192' title='bbox 29 2656 130 2718; x_wconf 77' lang='lat' dir='ltr'><strong>²⁵erat</strong></span> <span class='ocrx_word' id='word_1_193' title='bbox 155 2673 294 2736; x_wconf 83' lang='lat' dir='ltr'><strong>aequum</strong></span> <span class='ocrx_word' id='word_1_194' title='bbox 317 2650 356 2716; x_wconf 89' lang='lat' dir='ltr'><strong>de</strong></span> <span class='ocrx_word' id='word_1_195' title='bbox 378 2671 413 2714; x_wconf 87' lang='lat' dir='ltr'><strong>re</strong></span> <span class='ocrx_word' id='word_1_196' title='bbox 435 2649 567 2734; x_wconf 89' lang='lat' dir='ltr'><strong>publica</strong></span> <span class='ocrx_word' id='word_1_197' title='bbox 588 2647 795 2733; x_wconf 88' lang='lat' dir='ltr'><strong>potissimum</strong></span> <span class='ocrx_word' id='word_1_198' title='bbox 818 2646 996 2731; x_wconf 87' lang='lat' dir='ltr'><strong>prinoipem</strong></span> <span class='ocrx_word' id='word_1_199' title='bbox 1017 2645 1067 2710; x_wconf 90' lang='lat' dir='ltr'><strong>rei</strong></span> 
     </span>
     <span class='ocr_line' id='line_1_29' title="bbox 59 2733 1067 2827; baseline -0.01 -19"><span class='ocrx_word' id='word_1_200' title='bbox 59 2741 210 2827; x_wconf 87' lang='lat' dir='ltr'><strong>publicae</strong></span> <span class='ocrx_word' id='word_1_201' title='bbox 233 2739 346 2821; x_wconf 85' lang='lat' dir='ltr'><strong>dicere,</strong></span> <span class='ocrx_word' id='word_1_202' title='bbox 370 2737 547 2802; x_wconf 90' lang='lat' dir='ltr'><strong>sedetiam</strong></span> <span class='ocrx_word' id='word_1_203' title='bbox 571 2737 657 2820; x_wconf 91' lang='lat' dir='ltr'><strong>quod</strong></span> <span class='ocrx_word' id='word_1_204' title='bbox 680 2733 889 2800; x_wconf 85' lang='lat' dir='ltr'><strong>memineram</strong></span> <span class='ocrx_word' id='word_1_205' title='bbox 911 2755 1067 2820; x_wconf 85' lang='lat' dir='ltr'><strong>persaepe</strong></span> 
     </span>
     <span class='ocr_line' id='line_1_30' title="bbox 59 2821 1067 2907; baseline -0.01 -11"><span class='ocrx_word' id='word_1_206' title='bbox 59 2834 91 2895; x_wconf 87' lang='lat' dir='ltr'><strong>te</strong></span> <span class='ocrx_word' id='word_1_207' title='bbox 110 2851 185 2896; x_wconf 88' lang='lat' dir='ltr'><strong>oum</strong></span> <span class='ocrx_word' id='word_1_208' title='bbox 198 2826 355 2893; x_wconf 77' lang='lat' dir='ltr'><strong>Panaetio</strong></span> <span class='ocrx_word' id='word_1_209' title='bbox 375 2825 531 2891; x_wconf 86' lang='lat' dir='ltr'><strong>disserere</strong></span> <span class='ocrx_word' id='word_1_210' title='bbox 550 2825 684 2891; x_wconf 90' lang='lat' dir='ltr'><strong>solitum</strong></span> <span class='ocrx_word' id='word_1_211' title='bbox 702 2845 811 2890; x_wconf 87' lang='lat' dir='ltr'><strong>coram</strong></span> <span class='ocrx_word' id='word_1_212' title='bbox 824 2821 973 2907; x_wconf 84' lang='lat' dir='ltr'><strong>Polybio,</strong></span> <span class='ocrx_word' id='word_1_213' title='bbox 992 2821 1067 2888; x_wconf 89' lang='lat' dir='ltr'><strong>duo-</strong></span> 
     </span>
     <span class='ocr_line' id='line_1_31' title="bbox 59 2910 1066 2999; baseline -0.008 -15"><span class='ocrx_word' id='word_1_214' title='bbox 59 2920 119 2984; x_wconf 86' lang='lat' dir='ltr'><strong>bus</strong></span> <span class='ocrx_word' id='word_1_215' title='bbox 144 2915 277 2982; x_wconf 82' lang='lat' dir='ltr'><strong>Graeois</strong></span> <span class='ocrx_word' id='word_1_216' title='bbox 300 2916 353 2981; x_wconf 85' lang='lat' dir='ltr'><strong>vel</strong></span> <span class='ocrx_word' id='word_1_217' title='bbox 371 2913 578 2999; x_wconf 89' lang='lat' dir='ltr'><strong>peritissimis</strong></span> <span class='ocrx_word' id='word_1_218' title='bbox 596 2935 704 2978; x_wconf 88' lang='lat' dir='ltr'><strong>rerum</strong></span> <span class='ocrx_word' id='word_1_219' title='bbox 723 2910 876 2996; x_wconf 85' lang='lat' dir='ltr'><strong>civilium,</strong></span> <span class='ocrx_word' id='word_1_220' title='bbox 899 2912 1066 2996; x_wconf 87' lang='lat' dir='ltr'><strong>multaque</strong></span> 
     </span>
     <span class='ocr_line' id='line_1_32' title="bbox 61 3000 1067 3093; baseline -0.01 -20"><span class='ocrx_word' id='word_1_221' title='bbox 61 3007 216 3093; x_wconf 82' lang='lat' dir='ltr'><strong>colligere</strong></span> <span class='ocrx_word' id='word_1_222' title='bbox 245 3027 283 3072; x_wconf 85' lang='lat' dir='ltr'><strong>ao</strong></span> <span class='ocrx_word' id='word_1_223' title='bbox 311 3003 437 3087; x_wconf 89' lang='lat' dir='ltr'><strong>docere,</strong></span> <span class='ocrx_word' id='word_1_224' title='bbox 466 3002 626 3086; x_wconf 91' lang='lat' dir='ltr'><strong>optimum</strong></span> <span class='ocrx_word' id='word_1_225' title='bbox 653 3002 750 3087; x_wconf 82' lang='lat' dir='ltr'><strong>longe</strong></span> <span class='ocrx_word' id='word_1_226' title='bbox 778 3003 902 3065; x_wconf 86' lang='lat' dir='ltr'><strong>statum</strong></span> <span class='ocrx_word' id='word_1_227' title='bbox 925 3000 1067 3064; x_wconf 86' lang='lat' dir='ltr'><strong>civitatis</strong></span> 
     </span>
    </p>

    <p class='ocr_par' dir='ltr' id='par_1_16' title="bbox 30 3087 1068 3442">
     <span class='ocr_line' id='line_1_33' title="bbox 30 3087 1067 3177; baseline -0.009 -17"><span class='ocrx_word' id='word_1_228' title='bbox 30 3109 132 3162; x_wconf 66' lang='lat' dir='ltr'><strong>nesse</strong></span> <span class='ocrx_word' id='word_1_229' title='bbox 169 3115 256 3177; x_wconf 90' lang='lat' dir='ltr'><strong>eum,</strong></span> <span class='ocrx_word' id='word_1_230' title='bbox 292 3114 389 3176; x_wconf 90' lang='lat' dir='ltr'><strong>quem</strong></span> <span class='ocrx_word' id='word_1_231' title='bbox 419 3091 558 3156; x_wconf 92' lang='lat' dir='ltr'><strong>maiores</strong></span> <span class='ocrx_word' id='word_1_232' title='bbox 589 3089 694 3155; x_wconf 86' lang='lat' dir='ltr'><strong>nostri</strong></span> <span class='ocrx_word' id='word_1_233' title='bbox 724 3089 819 3154; x_wconf 89' lang='lat' dir='ltr'><strong>nobis</strong></span> <span class='ocrx_word' id='word_1_234' title='bbox 851 3087 1067 3175; x_wconf 87' lang='lat' dir='ltr'><strong>reliquissent.</strong></span> 
     </span>
     <span class='ocr_line' id='line_1_34' title="bbox 62 3177 1068 3266; baseline -0.011 -17"><span class='ocrx_word' id='word_1_235' title='bbox 62 3183 132 3260; x_wconf 88' lang='lat' dir='ltr'><strong>Qua</strong></span> <span class='ocrx_word' id='word_1_236' title='bbox 160 3183 195 3247; x_wconf 90' lang='lat' dir='ltr'><strong>in</strong></span> <span class='ocrx_word' id='word_1_237' title='bbox 218 3180 437 3266; x_wconf 86' lang='lat' dir='ltr'><strong>disputatione</strong></span> <span class='ocrx_word' id='word_1_238' title='bbox 460 3178 612 3264; x_wconf 90' lang='lat' dir='ltr'><strong>quoniam</strong></span> <span class='ocrx_word' id='word_1_239' title='bbox 634 3181 672 3242; x_wconf 91' lang='lat' dir='ltr'><strong>tu</strong></span> <span class='ocrx_word' id='word_1_240' title='bbox 691 3177 696 3259; x_wconf 91' lang='grc' dir='ltr'>Ι</span> <span class='ocrx_word' id='word_1_241' title='bbox 716 3177 861 3262; x_wconf 84' lang='lat' dir='ltr'><strong>paratior</strong></span> <span class='ocrx_word' id='word_1_242' title='bbox 884 3197 932 3257; x_wconf 88' lang='lat' dir='ltr'><strong>es,</strong></span> <span class='ocrx_word' id='word_1_243' title='bbox 956 3178 995 3256; x_wconf 89' lang='lat' dir='ltr'><strong>[p.</strong></span> <span class='ocrx_word' id='word_1_244' title='bbox 1015 3189 1068 3239; x_wconf 78' lang='lat'><strong>294</strong></span> 
     </span>
     <span class='ocr_line' id='line_1_35' title="bbox 61 3262 1068 3355; baseline -0.011 -19"><span class='ocrx_word' id='word_1_245' title='bbox 61 3271 186 3354; x_wconf 89' lang='lat' dir='ltr'><strong>feceris,</strong></span> <span class='ocrx_word' id='word_1_246' title='bbox 209 3273 246 3336; x_wconf 91' lang='lat' dir='ltr'><strong>ut</strong></span> <span class='ocrx_word' id='word_1_247' title='bbox 269 3269 368 3336; x_wconf 88' lang='lat' dir='ltr'><strong>etiam</strong></span> <span class='ocrx_word' id='word_1_248' title='bbox 386 3290 446 3354; x_wconf 89' lang='lat' dir='ltr'><strong>pro</strong></span> <span class='ocrx_word' id='word_1_249' title='bbox 464 3267 525 3355; x_wconf 81' lang='lat' dir='ltr'><strong>his¹</strong></span> <span class='ocrx_word' id='word_1_250' title='bbox 535 3267 649 3348; x_wconf 91' lang='lat' dir='ltr'><strong>dicam,</strong></span> <span class='ocrx_word' id='word_1_251' title='bbox 673 3266 709 3350; x_wconf 84' lang='lat' dir='ltr'><strong>si,</strong></span> <span class='ocrx_word' id='word_1_252' title='bbox 732 3265 823 3330; x_wconf 89' lang='lat' dir='ltr'><strong>dere</strong></span> <span class='ocrx_word' id='word_1_253' title='bbox 842 3263 972 3354; x_wconf 88' lang='lat' dir='ltr'><strong>publica</strong></span> <span class='ocrx_word' id='word_1_254' title='bbox 991 3262 1068 3349; x_wconf 87' lang='lat' dir='ltr'><strong>quid</strong></span> 
     </span>
     <span class='ocr_line' id='line_1_36' title="bbox 63 3353 850 3442; baseline -0.013 -16"><span class='ocrx_word' id='word_1_255' title='bbox 63 3361 194 3442; x_wconf 85' lang='lat' dir='ltr'><strong>sentias,</strong></span> <span class='ocrx_word' id='word_1_256' title='bbox 217 3356 398 3442; x_wconf 83' lang='lat' dir='ltr'><strong>explicaris,</strong></span> <span class='ocrx_word' id='word_1_257' title='bbox 420 3355 514 3421; x_wconf 91' lang='lat' dir='ltr'><strong>nobis</strong></span> <span class='ocrx_word' id='word_1_258' title='bbox 538 3358 669 3441; x_wconf 83' lang='lat' dir='ltr'><strong>gratum</strong></span> <span class='ocrx_word' id='word_1_259' title='bbox 692 3353 850 3442; x_wconf 87' lang='lat' dir='ltr'><strong>omnibus.</strong></span> 
     </span>
    </p>

    <p class='ocr_par' dir='ltr' id='par_1_17' title="bbox 128 3415 1227 3544">
     <span class='ocr_line' id='line_1_37' title="bbox 128 3415 1227 3544; baseline -0.012 -32"><span class='ocrx_word' id='word_1_260' title='bbox 128 3448 213 3512; x_wconf 88' lang='lat' dir='ltr'><strong>Tum</strong></span> <span class='ocrx_word' id='word_1_261' title='bbox 236 3446 305 3512; x_wconf 90' lang='lat' dir='ltr'><strong>ille:</strong></span> <span class='ocrx_word' id='word_1_262' title='bbox 329 3444 404 3510; x_wconf 90' lang='lat' dir='ltr'><strong>Non</strong></span> <span class='ocrx_word' id='word_1_263' title='bbox 426 3465 559 3544; x_wconf 87' lang='lat' dir='ltr'><strong>possum</strong></span> <span class='ocrx_word' id='word_1_264' title='bbox 582 3442 730 3543; x_wconf 78' lang='lat' dir='ltr'><strong>equidem</strong></span> <span class='ocrx_word' id='word_1_265' title='bbox 753 3441 856 3506; x_wconf 87' lang='lat' dir='ltr'><strong>dicere</strong></span> <span class='ocrx_word' id='word_1_266' title='bbox 879 3459 931 3504; x_wconf 86' lang='lat' dir='ltr'><strong>me</strong></span> <span class='ocrx_word' id='word_1_267' title='bbox 943 3437 1017 3540; x_wconf 38' lang='lat' dir='ltr'><strong>,ulla</strong></span> <span class='ocrx_word' id='word_1_268' title='bbox 1034 3438 1069 3501; x_wconf 91' lang='lat' dir='ltr'><strong>in</strong></span> <span class='ocrx_word' id='word_1_269' title='bbox 1078 3415 1121 3541; x_wconf 64' lang='lat'><strong>23{</strong></span> <span class='ocrx_word' id='word_1_270' title='bbox 1226 3445 1227 3509; x_wconf 67' lang='lat' dir='ltr'><strong>i</strong></span> 
     </span>
    </p>

    <p class='ocr_par' dir='ltr' id='par_1_18' title="bbox 30 3530 1067 3624">
     <span class='ocr_line' id='line_1_38' title="bbox 30 3530 1067 3624; baseline -0.012 -21"><span class='ocrx_word' id='word_1_271' title='bbox 30 3553 51 3592; x_wconf 75' lang='lat'><strong>³⁵</strong></span> <span class='ocrx_word' id='word_1_272' title='bbox 64 3536 261 3624; x_wconf 78' lang='lat' dir='ltr'><strong>cogitatione</strong></span> <span class='ocrx_word' id='word_1_273' title='bbox 285 3533 390 3600; x_wconf 89' lang='lat' dir='ltr'><strong>acrius</strong></span> <span class='ocrx_word' id='word_1_274' title='bbox 414 3536 471 3598; x_wconf 91' lang='lat' dir='ltr'><strong>aut</strong></span> <span class='ocrx_word' id='word_1_275' title='bbox 493 3532 681 3617; x_wconf 87' lang='lat' dir='ltr'><strong>dil1gent1us</strong></span> <span class='ocrx_word' id='word_1_276' title='bbox 705 3530 809 3595; x_wconf 90' lang='lat' dir='ltr'><strong>solere</strong></span> <span class='ocrx_word' id='word_1_277' title='bbox 829 3549 952 3594; x_wconf 80' lang='lat' dir='ltr'><strong>versari</strong></span> <span class='ocrx_word' id='word_1_278' title='bbox 971 3548 1067 3611; x_wconf 89' lang='lat' dir='ltr'><strong>quam</strong></span> 
     </span>
    </p>
   </div>
   <div class='ocr_carea' id='block_1_7' title="bbox 0 0 1243 3936">
    <p class='ocr_par' dir='ltr' id='par_1_19' title="bbox 0 0 1243 3936">
     <span class='ocr_line' id='line_1_39' title="bbox 0 0 1243 3936; baseline 0 0"><span class='ocrx_word' id='word_1_279' title='bbox 0 0 1243 3936; x_wconf 95' lang='lat' dir='ltr'><strong> </strong></span> 
     </span>
    </p>
   </div>
  </div>
 </body>
</html>
