2458 3934
149 179 213 244 136
453 177 502 232 DE
522 177 676 233 NATURA
693 177 847 236 DEORUM

146 322 237 388 nium
255 321 499 423 crudelissimus
514 325 585 389 tam
603 321 658 386 diu
676 319 781 388 Cinna
798 321 968 406 regnavit?
1002 321 1050 385 At
1068 320 1162 386 dedit

95 414 137 479 33
146 431 277 496 poenas.
329 407 501 476 Prohrberr
532 409 648 474 melius
678 408 742 474 fuit
772 409 1001 494 impedirique,
1032 431 1074 474 ne
1104 412 1164 474 tot

148 520 292 564 summos
312 498 399 564 viros
417 496 624 580 interficeret,
646 519 744 581 quam
762 498 870 582 ipsum
889 497 1065 582 aliquando
1083 518 1163 582 poe-

147 607 206 651 nas
237 586 321 688 dare,
371 583 504 688 Summo
535 585 679 651 cruciatu
708 585 931 670 supplicioque
961 584 999 661 Q.
1027 583 1164 668 Varius,

146 675 246 740 homo
268 675 586 759 importumasumus,
607 673 720 758 periit,
743 673 780 756 si,
803 673 879 759 quia
896 671 1042 738 Drusum
1060 672 1162 756 ferro,
1193 691 1227 730 51

147 760 316 863 Metellum
347 783 470 828 veneno
502 762 694 843 sustulerat,
724 761 801 825 illos
827 761 1013 828 conservari
1040 761 1163 826 melius

146 849 211 916 furt
238 872 336 952 quam
363 871 484 936 poenas
512 848 648 950 sceleris·
669 848 806 914 Varium
832 849 981 934 pendere.
1030 847 1163 915 Duode-
1226 849 1227 934 j

149 937 366 1025 quadragmta
389 959 491 1004 annos
513 937 689 1022 Dronyarus
712 940 870 1020 tyrannus
892 936 956 1002 fuit
978 937 1164 1022 opulentis-
1226 935 1227 1018 3

95 1039 129 1090 82
149 1049 273 1128 sumae·
291 1031 337 1128 οὺ.
355 1027 574 1092 beatissumae
608 1024 764 1108 civitatis3
796 1046 894 1109 quam
925 1025 1051 1092 multos
1082 1029 1163 1091 ante

147 1116 233 1180 hunc
264 1137 299 1180 m
327 1135 400 1200 rpso
429 1113 582 1180 Graeciae
608 1113 688 1178 flore
714 1111 922 1178 Pisistratus!
966 1111 1015 1178 At
1041 1111 1227 1178 Phela-101

147 1203 208 1286 ris,
235 1206 269 1268 at
296 1201 516 1303 Apollodorus
544 1221 665 1301 poenas
693 1200 835 1266 sustulit.
884 1200 999 1266 Multis
1027 1201 1163 1286 quidam

149 1293 224 1359 aute
251 1293 402 1355 crucratrs
429 1292 463 1352 et
488 1291 621 1353 necat1s.
665 1287 710 1358 Et
736 1289 916 1374 praedones
938 1289 1036 1354 multi
1063 1311 1163 1374 saepe
1226 1291 1227 1372 l

148 1397 269 1479 poenas
302 1377 393 1479 dant,
424 1397 484 1442 nec
514 1379 627 1441 tamen
655 1397 831 1462 possumus
863 1377 968 1442 dicere
994 1398 1064 1442 non
1090 1378 1163 1462 plu·

148 1487 193 1530 ns
226 1469 372 1551 captrvos
402 1465 515 1529 acerbe
545 1486 643 1549 quam
673 1464 852 1550 praedones
884 1468 1026 1530 necatos.
1073 1465 1163 1530 Ana-

126 1553 304 1619 'sarchum
325 1552 567 1655 Democriteum
595 1574 615 1616 a
638 1549 758 1637 Cyprio
785 1556 926 1636 tyranno
953 1553 1163 1618 excarnifioa-
1178 1569 1203 1609 1⁵
1226 1559 1227 1622 l

148 1646 219 1706 tum
242 1663 432 1727 ncceprmus,
454 1639 616 1706 Zenonem
628 1639 728 1705 Eleae
750 1640 786 1704 in
806 1641 980 1706 tormentis
998 1645 1163 1706 necatum.
1226 1685 1227 1718 ι

148 1730 234 1882 1(ιέἰιὶᾱ
256 1731 361 1796 dicam
384 1730 422 1795 de
445 1727 586 1829 Socrate,
609 1728 699 1793 ouius
720 1729 821 1829 morti
843 1728 1044 1830 inlacrimari
1070 1730 1163 1830 soleo
1226 1723 1227 1804 l

97 1822 325 2021 ,eltze
360 1815 828 1988 tettalssllttffi
860 1816 1163 1970 ltffibltlt

97 2033 131 2082 33
149 1992 313 2094 Drogenes
346 1993 474 2093 quidem
504 1991 643 2076 Cynicus
675 1991 780 2057 dicere
807 1991 935 2058 solebat
964 1990 1162 2078 Harpalum,
1175 2009 1200 2048 ιο

150 2103 206 2165 qur
236 2081 438 2181 temppnbus
469 2080 544 2181 illis·
563 2078 684 2165 praedo
710 2079 791 2144 felix
816 2078 1014 2164 habebatur,
1043 2086 1163 2146 contra
1226 2155 1227 2166 χ

150 2169 226 2234 deos
257 2171 482 2234 testrmomum
514 2168 636 2252 dlcere,
668 2167 754 2251 quod
780 2167 814 2232 in
840 2167 901 2233 illa
927 2167 1062 2234 fortuna
1090 2173 1162 2236 tam

148 2257 205 2410 piu
226 2255 358 2357 viveret.
385 2255 727 2408 ΙΙΔᾺοιιγειιιεζἁθιιιιο
751 2255 926 2356 antedixi,
949 2278 1022 2321 oum
1043 2255 1162 2323 fanum

149 2341 1162 2518 islqbsdrddnniesecdlrldisslxurlllaldblbt’cdiddrlraldrleddtlalidsgdd
1174 2445 1198 2488 ²⁵

150 2519 394 2622 ‘Videtisness
415 2520 532 2622 inquit,
555 2517 696 2620 ‘amici
720 2540 832 2619 quam
853 2518 955 2584 bona
978 2544 997 2585 a
1020 2520 1081 2586 dis
1104 2523 1162 2586 in·
1226 2503 1227 2586 l

149 2609 384 2675 mortalrbns
405 2610 608 2693 navrgatro
632 2606 839 2692 sacrilegis
864 2606 1014 2672 detur?'
1055 2606 1161 2694 quue

149 2697 247 2762 homo
267 2701 379 2798 acutus
399 2715 472 2762 cum
489 2696 571 2760 bene
588 2695 756 2779 planeque
766 2695 974 2780 percepisset,
991 2695 1027 2760 in
1043 2697 1162 2764 eadem
1226 2727 1227 2736 ι

150 2788 311 2850 sententia
341 2783 578 2870 perseverabat.
628 2780 690 2858 Qui
721 2804 795 2848 cum
826 2783 868 2847 ad
896 2780 1160 2869 Peloponnesum

151 2873 289 2937 classem
312 2872 490 2972 appulisset
509 2874 541 2936 et
559 2871 594 2935 in
611 2869 723 2935 fanum
741 2870 883 2935 venisset
901 2871 989 2937 Iovis
1003 2870 1159 2958 Olympii,
1172 2887 1196 2928 ³⁰

151 2980 284 3024 aureum
316 2979 346 3021 er
378 2958 518 3024 detraxit
549 2958 723 3024 amiculum
756 2958 871 3044 grandi
901 2959 1056 3045 pondere,
1093 2982 1159 3046 quo

149 3046 260 3113 Iovem
284 3051 416 3147 ornarat
439 3067 457 3110 e
475 3046 636 3147 manubiis
655 3044 980 3132 Karthaginiensium
997 3050 1159 3130 tyrannus
1226 3057 1227 3134 l

151 3134 246 3219 Gelo,
276 3136 372 3217 atque
399 3155 434 3198 ιιι
456 3154 494 3198 eo
518 3138 618 3199 etlam
640 3133 812 3200 cavillatus
835 3139 886 3198 est
908 3138 1032 3200 aestate
1056 3157 1160 3221 grave
1226 3149 1227 3172 ¹

151 3245 228 3325 esse·
244 3244 376 3323 aureum
400 3221 586 3323 amiculum,
605 3221 711 3286 hieme
728 3221 893 3308 frigidum,
916 3223 1008 3307 eique
1025 3223 1159 3290 laneum
1226 3175 1227 3266 l

149 3313 287 3396 pallrum
318 3313 441 3410 rmecrt,
474 3331 546 3374 cum
577 3308 611 3373 1d
642 3331 712 3374 esse
744 3314 857 3394 aptum
889 3311 931 3376 ad
958 3332 1052 3376 omne
1080 3312 1193 3376 anni³⁵
1226 3351 1227 3370 ι

150 3401 279 3482 tempus
302 3397 430 3462 diceret.
466 3395 619 3479 Idemque
640 3395 828 3483 Aesculapii
844 3397 1002 3484 Epidauri
1018 3398 1158 3464 barbam

150 3506 282 3550 auream
310 3483 394 3548 demi
420 3482 529 3565 iussit3
555 3504 660 3566 neque
683 3485 768 3548 enim
791 3486 960 3551 convenire
982 3486 1158 3552 barbatum
1226 3513 1227 3562 l
