2478 3936
375 175 443 230 LIB.
462 177 496 230 Π.
516 176 590 232 CAP.
611 183 635 230 1.
655 182 670 242 ς
690 181 766 230 1-3.
1011 174 1056 240 47

67 334 132 371 mum
148 317 261 372 ductum
279 320 323 372 est
340 333 358 370 a
375 316 500 388 corporis
517 315 633 371 humani
652 317 804 384 structura,
822 315 942 371 alterum
960 333 978 370 a
994 333 1057 387 per·

68 387 219 442 sectionibus
239 387 333 455 animi,
351 387 466 442 tertium
479 387 515 441 ab
528 387 661 454 utilitate,
681 402 764 456 quam
776 402 821 441 res
836 403 898 440 cum
913 387 1056 457 caelestes,

68 460 117 511 tum
136 459 281 513 terrestres
304 457 464 513 hominibus
487 457 626 524 adferant,
650 459 778 526 quartum
801 457 921 526 denique
939 458 975 512 ab
992 459 1056 513 illu·

68 528 158 596 strium,
172 529 273 598 quibus
287 527 319 582 di
332 527 529 598 consuluerint,
543 527 687 582 bominum
700 527 834 598 exemplis
848 531 919 599 (cap.
930 533 1055 599 33-66).

119 829 204 908 Quas
233 853 308 898 curn
331 829 431 898 Cotta
460 831 606 915 dixisset,
633 835 703 896 tum
725 831 883 897 Velleius:
910 831 961 898 Ne
985 810 1093 937 oga}

62 919 163 1004 inquit,
184 921 347 1004 incautus,
372 921 427 1004 qui
446 942 518 986 oum
532 919 724 986 Academico
743 925 777 985 et
794 920 908 986 eodem
925 922 1055 986 rhetore

64 1009 203 1094 congredi
234 1013 369 1074 conatus
398 1007 473 1074 siml
517 1007 605 1074 Nam
630 1029 733 1092 neque
759 1008 952 1074 indisertum
975 1008 1057 1075 Aca-

63 1095 207 1162 demicum
231 1096 475 1183 pertimuissem
496 1117 555 1162 nec
578 1096 646 1160 sine
668 1097 734 1160 ista
755 1097 964 1181 philosophia
986 1097 1057 1163 rhe-

44 1187 154 1249 ⁵torem
178 1185 330 1270 quamvis
354 1185 572 1269 eloquentem3
595 1185 807 1268 nequeenim
830 1185 961 1250 flumine
984 1207 1057 1251 con-

62 1273 163 1338 turbor
180 1273 331 1338 inanium
349 1273 521 1338 verborum
538 1294 597 1337 nec
615 1272 798 1338 subtilitate
813 1274 1056 1357 sententiarum,

62 1360 85 1424 si
108 1362 267 1428 orationis
294 1364 345 1425 est
372 1360 508 1426 siccitas.
554 1360 603 1425 Tu
626 1364 747 1444 autem,
774 1359 887 1446 Cotta,
919 1365 1056 1446 utraque

61 1468 90 1511 re
107 1449 256 1534 valuisti,
282 1470 401 1514 corona
423 1449 484 1514 tibi
507 1453 541 1514 et
561 1448 681 1514 iudices
705 1448 883 1514 defuerunt.
928 1448 991 1516 Sed
1014 1450 1056 1516 ad

61 1535 115 1600 ista
136 1539 235 1621 alica,
258 1558 343 1602 nunc
365 1535 533 1620 Lucilium,
557 1537 584 1600 si
606 1537 670 1622 ipsi
692 1537 896 1602 commodum
920 1541 979 1622 est,
1002 1560 1055 1603 au·

37 1639 52 1675 1⁰
62 1624 183 1692 diamus.
222 1624 308 1690 Tum
324 1623 462 1690 Balbus:
484 1623 630 1690 Eundem
649 1625 796 1708 equidem
815 1625 928 1689 malim
947 1627 1056 1691 audire
1075 1645 1091 1693 a

61 1710 193 1799 Cottam,
234 1713 326 1797 dum,
361 1734 425 1797 qua
457 1713 641 1797 eloquentia
671 1713 774 1777 falsos
805 1713 881 1777 deos
914 1715 1058 1800 sustulit,

62 1801 160 1868 eadem
182 1823 282 1868 veros
304 1800 443 1867 inducat.
478 1801 540 1866 Est
563 1801 648 1866 enim
672 1804 704 1865 et
722 1800 911 1886 philosophi
929 1806 962 1866 et
979 1825 1057 1887 pon-

61 1889 144 1955 tificis
173 1893 209 1956 et
233 1887 350 1955 Cottae
377 1889 416 1954 dc
443 1889 492 1954 dis
519 1888 747 1954 inmortalibus
775 1889 895 1954 habere
921 1910 988 1955 non
1011 1913 1058 1956 er·

62 1983 176 2044 rantem
200 1982 235 2043 st
258 1999 390 2062 ragam,
416 1981 454 2043 u‘t
476 1977 674 2060 Academici,
701 1977 770 2060 sed,
793 1981 830 2042 ut
852 1979 970 2062 nostri,
993 1983 1057 2045 sta·

37 2077 53 2115 1⁵
62 2064 149 2132 bilem
176 2070 365 2150 certamque
389 2066 591 2131 sententiam.
637 2065 724 2131 Nam
746 2070 860 2132 contra
880 2065 1058 2151 Epicurum

63 2154 131 2219 satis
153 2177 317 2240 superque
341 2154 462 2219 dictum
485 2157 544 2219 est.
589 2153 652 2218 Sed
675 2176 753 2219 aveo
777 2155 896 2238 audire,
919 2158 957 2220 tu
979 2157 1058 2241 ipse,

18 2315 19 2326 χ
63 2238 157 2328 (lotia,
181 2243 262 2328 quid
280 2243 409 2309 sentias.
446 2242 507 2326 An,
529 2243 644 2328 inquit,
667 2242 789 2308 oblitus
807 2265 851 2327 es,
870 2244 947 2326 quid
964 2245 1059 2310 initio

63 2328 197 2417 dixerim,
219 2331 348 2397 facilius
368 2353 428 2416 me,
446 2332 567 2396 talibus
585 2331 778 2417 praesertim
797 2331 959 2413 derebus,
982 2332 1060 2415 quid

18 2431 19 2434 ’
62 2437 118 2484 non
152 2421 322 2504 sentirem,
359 2442 457 2504 quam
489 2419 566 2504 quid
598 2421 767 2503 sentirem,
803 2441 899 2504 posse
932 2418 1057 2484 dicere?

36 2503 175 2580 ²⁰Quodsi
197 2509 354 2574 haberem
375 2507 511 2592 aliquid,
539 2507 625 2593 quod
647 2508 799 2592 liqueret,
825 2511 936 2571 tamon
958 2510 991 2573 te
1012 2506 1058 2572 vi·
1077 2523 1092 2570 3

18 2599 19 2618 ³
64 2595 162 2662 oissim
190 2597 302 2663 audire
330 2596 460 2681 vellem,
487 2618 560 2662 cum
587 2597 656 2681 ipse
679 2599 748 2662 tam
771 2595 875 2660 multa
898 2593 1058 2660 dixissem.

64 2680 135 2750 Tum
156 2683 296 2752 Balbus:
321 2683 439 2750 Geram
461 2684 525 2749 tibi
546 2705 670 2749 morem
692 2687 726 2749 et
749 2704 847 2770 agam
869 2705 967 2767 quarn
990 2683 1059 2750 bre

64 2770 196 2840 rissume
229 2776 358 2859 potero3
394 2773 513 2837 etenim
545 2771 700 2838 convictis
732 2771 865 2856 Epicuri
896 2773 1058 2838 erroribus

65 2856 154 2946 longa
172 2862 211 2927 de
230 2884 303 2927 mea
321 2861 540 2946 disputatione
554 2860 699 2925 detracta
714 2859 818 2926 oratio
833 2863 892 2925 est.
915 2859 1058 2942 ,Omnino

37 2944 203 3015 adridunt
223 2950 329 3015 nostri
349 2952 456 3016 totam
477 2949 576 3014 istam
594 2949 633 3013 de
652 2948 700 3012 dis
719 2947 946 3014 inmortalibus
966 2973 1059 3035 quse·

67 3035 196 3104 stionom
215 3037 250 3103 in
266 3037 370 3122 partis
390 3041 552 3122 quattuor.
587 3036 733 3101 Primum
752 3037 867 3103 docent
886 3060 955 3103 esso
974 3038 1060 3120 deos,

67 3121 170 3190 deindo
193 3127 304 3210 quales
328 3127 408 3209 siut,
430 3130 501 3191 tum
524 3125 679 3190 mundum
701 3125 742 3190 ab
766 3127 806 3190 iis
829 3125 1059 3208 administrari,

67 3216 222 3292 postremo
250 3214 416 3280 consulere
444 3236 498 3280 eos
525 3215 622 3279 rebus
649 3213 808 3279 humanis.
853 3213 922 3277 Nos
951 3216 1060 3276 autem

67 3295 121 3364 hoc
138 3321 292 3386 sermone,
316 3324 398 3386 quae
415 3303 526 3388 priora
545 3301 607 3373 duo
623 3305 706 3386 sunt,
726 3321 903 3381 sumamus3
926 3299 1001 3363 tert'
1033 3379 1037 3396 .
1063 3355 1064 3358 ,
1139 3385 1142 3392 ¹
1196 3369 1201 3374 ,

43 3389 97 3448 oet
125 3393 288 3474 quartum,
317 3390 394 3475 quia
424 3390 550 3455 maiora
581 3393 670 3474 sunt,
701 3394 781 3474 puto
813 3408 883 3454 csse
911 3386 996 3476 inm
1109 3401 1176 3479 sq,

71 3477 188 3562 ternpus
215 3478 397 3544 differenda
442 3477 577 3542 Minimo
598 3499 689 3561 raro,
716 3476 823 3559 inquit
846 3473 923 3538 Cott
949 3469 1117 3580 Νζρζζᾌ.
1142 3477 1186 3560 <251³
1220 3507 1221 3510 π
