2476 3936
155 211 221 276 292
518 209 568 264 DE
586 209 635 266 RE
652 208 806 264 PUBLIOA

154 355 336 441 perniciosa
363 354 429 419 alia
450 353 546 437 vitia,
571 354 699 420 nullum
721 357 771 419 est
793 353 877 418 enim
904 375 1005 440 genus
1028 353 1152 420 illarum

154 465 262 510 rerum
285 443 498 528 publicarum,
521 442 607 526 quod
625 463 691 507 non
707 442 828 528 habeat
845 442 909 508 iter
928 443 969 507 ad
986 442 1153 506 finitimum

155 533 316 616 quoddam
339 530 461 596 malum
479 552 633 616 praeceps
652 553 689 596 ac
707 530 877 596 lubricum.
908 529 996 595 Nam
1012 530 1065 596 illi
1081 529 1154 616 regi,

155 624 192 684 ut
210 642 283 685 eum
302 619 509 706 potissimum
526 619 700 702 nominem,
722 619 888 684 tolerabili
912 622 978 703 aut,
1001 619 1030 684 si
1052 619 1155 700 voltis,

155 708 254 774 etiam
276 707 418 791 amabili,
440 706 535 791 Cyre,
558 708 670 772 subest
688 708 729 772 ad
747 707 929 772 inmutandi
948 707 1049 772 animi
1066 707 1155 772 licen·
1176 721 1186 761 ⁵

154 825 181 877 p.
202 800 266 878 226]
296 796 376 862 tiam
404 795 644 861 crudelissimus
671 793 737 882 illle
758 795 923 880 Phalaris,
951 795 1042 861 euius
1065 796 1100 860 in
1121 795 1156 859 si·

155 885 372 950 militudinem
401 883 585 950 dominatus
607 884 707 950 ¹unius
733 884 871 968 proclivi
893 905 989 949 cursu
1012 888 1046 949 et
1068 883 1157 950 facile

156 974 326 1039 delabitur.
361 972 418 1038 Illi
436 976 545 1039 autem
559 971 811 1038 Massiliensium
828 993 1006 1057 paucorum
1026 975 1060 1038 et
1077 972 1157 1058 prin·

155 1063 264 1148 cipum
287 1059 563 1127 administrationi
585 1061 728 1126 civitatis
750 1060 909 1126 finitimus
932 1063 997 1144 est,
1021 1061 1078 1147 qui
1101 1061 1157 1126 fuit

157 1151 296 1234 quodam
311 1154 473 1234 tempore
504 1149 589 1233 apud
616 1149 832 1215 Athenienses
859 1148 999 1235 triginta
1025 1150 1158 1216 virorum
1169 1163 1188 1204 1⁰

156 1259 330 1304 consensus
359 1242 392 1302 et
418 1236 528 1303 factio.
568 1236 639 1302 Iam
663 1237 911 1304 Atheniensium
937 1236 1053 1321 populi
1074 1242 1160 1323 pote·

157 1329 277 1390 statem
305 1326 448 1390 omnium
475 1347 583 1390 rerum
605 1326 683 1410 ipsi,
710 1348 750 1390 ne
773 1326 856 1390 alios
878 1325 1096 1410 requiramus,
1123 1325 1159 1392 ad

156 1414 298 1480 furorem
321 1413 540 1479 multitudinis
563 1413 790 1498 licentiamque
809 1435 1000 1481 conversam
1017 1416 1158 1500 pesti...

401 1553 640 1634 [Desiderautor
656 1557 792 1639 popinae
813 1555 912 1636 derue]

104 1658 183 1783 Ξὲρ.
203 1680 249 1760 75]
323 1727 419 1745 .....
428 1677 618 1743 deterrimus
651 1683 684 1744 et
716 1701 754 1743 ex
785 1679 847 1744 hac
876 1679 928 1743 vel
956 1679 1159 1764 optimatium

156 1768 209 1832 vel
237 1767 377 1832 factiosa
405 1766 575 1848 tyrannica
602 1766 662 1831 illa
690 1766 744 1831 vel
773 1767 865 1852 regia
890 1767 944 1832 vel
972 1768 1072 1833 etiam
1095 1781 1189 1854 per-1⁵
1221 1787 1222 1804 ³

158 1877 253 1940 saepe
276 1853 452 1940 popularis,
474 1854 616 1937 itemque
640 1877 678 1919 ex
701 1877 739 1920 ea
762 1876 862 1940 genus
886 1855 1019 1939 aliquod
1038 1857 1160 1924 ecflore

159 1965 246 2009 scere
265 1965 303 2008 ex
321 1942 397 2026 illis,
417 1964 498 2026 quae
517 1946 593 2008 ante
613 1943 687 2026 dixi,
706 1942 798 2026 solet,
817 1942 954 2027 mirique
974 1949 1052 2009 sunt
1070 1945 1158 2011 orbes

159 2036 191 2097 et
215 2031 308 2116 quasi
331 2030 517 2096 circumitus
540 2030 575 2095 in
597 2032 693 2096 rebus
716 2031 854 2116 publicis
873 2033 1159 2099 commutationum

158 2123 191 2184 et
221 2118 494 2202 vicissitudinum
527 2140 608 2203 quos
635 2141 708 2184 cum
735 2141 892 2205 cognosse
921 2122 1078 2205 sapientis
1105 2125 1159 2204 est,

158 2211 229 2272 tum
251 2228 327 2272 vero
351 2207 534 2292 prospicere
552 2206 755 2293 inpendentis
773 2209 808 2273 in
826 2210 1037 2295 gubernanda
1056 2232 1091 2276 re
1108 2233 1159 2295 pu·
1171 2224 1191 2263 2⁰

158 2323 185 2376 p.
206 2298 252 2376 uc]
276 2295 362 2360 blica
389 2296 611 2362 moderantem
639 2317 767 2362 cursum
794 2299 892 2380 atque
914 2297 949 2362 in
969 2297 974 2379 Ι
995 2319 1055 2364 sua
1076 2303 1159 2385 pote

159 2388 244 2450 state
267 2383 459 2448 retinentem
480 2385 592 2470 magni
610 2385 776 2452 cuiusdam
794 2385 873 2450 civis
892 2389 925 2450 et
943 2386 1046 2451 divini
1063 2408 1159 2472 paene

159 2477 210 2538 est
231 2472 302 2538 viri.
340 2471 456 2557 Itaque
479 2476 631 2556 quartum
649 2473 811 2557 quoddam
829 2495 931 2560 genus
949 2476 997 2538 rei
1014 2476 1159 2560 publicae

158 2561 297 2626 maxime
320 2561 522 2646 probandum
541 2582 611 2626 esse
630 2563 744 2647 sentio,
768 2562 852 2646 quod
871 2566 921 2627 est
939 2583 978 2626 ex
996 2562 1059 2649 his,
1082 2585 1159 2649 quae

158 2650 265 2734 prima
288 2649 363 2734 dixi,
386 2649 587 2714 moderatum
610 2653 643 2714 et
665 2641 860 2734 permixtum
883 2651 997 2718 tribus.
1170 2663 1190 2705 ²⁵

224 2737 287 2803 Hic
305 2736 448 2803 Laelius:
471 2734 543 2804 Scio
566 2737 628 2803 tibi
650 2738 698 2804 ita
718 2738 855 2824 placere,
877 2737 1045 2824 Africane;
1069 2762 1159 2826 saepe

159 2825 244 2889 enim
268 2847 305 2890 ex
328 2829 362 2889 te
385 2825 506 2909 audiri3
534 2826 590 2890 sed
612 2830 736 2910 tamen,
758 2826 823 2892 nisi
845 2828 1019 2893 molestum
1043 2834 1103 2914 est,
1124 2850 1159 2894 ex

158 2911 264 2976 tribus
286 2912 359 2976 istis
383 2913 486 2978 modis
509 2936 619 2979 rerum
639 2915 841 3000 publicarum
858 2915 958 2980 velim
976 2917 1059 2982 scire
1078 2915 1159 3002 quod

159 2999 319 3086 optimum
332 2999 461 3067 iudices.
484 3000 571 3068 Nam
584 3003 636 3068 vel
650 3003 809 3087 profuerit
823 3003 953 3088 aliquod
967 3005 1008 3070 ad
1022 3026 1113 3092 cog..
1126 3056 1134 3072 .
1146 3055 1154 3070 .

106 2707 149 2832 e>

106 3224 147 3288 31
408 3140 645 3222 [Desiderautur
661 3145 798 3227 papium
819 3145 918 3226 duaa]

106 3302 139 3350 47
159 3291 186 3343 p.
207 3265 255 3344 51]
330 3268 444 3329 ....et
471 3264 549 3329 talis
573 3269 623 3329 est
646 3287 790 3352 quaeque
812 3289 864 3332 res
886 3269 1030 3354 publica,
1057 3269 1192 3355 qualis³⁰

136 3351 227 3424 ‚eius
252 3354 309 3415 aut
331 3355 449 3416 natura
472 3355 529 3415 aut
551 3351 712 3438 voluntas,
735 3355 791 3439 qui
808 3356 899 3420 illam
917 3357 1012 3443 regit.
1048 3357 1159 3443 Itaque

158 3437 249 3501 nulla
282 3437 346 3501 alia
375 3438 411 3502 in
442 3437 587 3522 civitate,
617 3440 682 3505 nisi
712 3442 746 3507 in
776 3466 841 3528 qua
870 3446 984 3529 populi
1015 3451 1158 3532 potestas

159 3544 285 3587 summa
304 3527 364 3607 est,
384 3525 489 3588 ullum
508 3525 705 3594 domicilium
723 3530 858 3597 libertas
877 3533 990 3618 habet,
1013 3557 1077 3619 qua
1095 3535 1159 3620 qui·
