<?xml version="1.0" encoding="UTF-8"?>
<!DOCTYPE html PUBLIC "-//W3C//DTD XHTML 1.0 Transitional//EN"
    "http://www.w3.org/TR/xhtml1/DTD/xhtml1-transitional.dtd">
<html xmlns="http://www.w3.org/1999/xhtml" xml:lang="en" lang="en">
 <head>
  <title>
</title>
<meta http-equiv="Content-Type" content="text/html;charset=utf-8" />
  <meta name='ocr-system' content='tesseract 3.04.00' />
  <meta name='ocr-capabilities' content='ocr_page ocr_carea ocr_par ocr_line ocrx_word'/>
</head>
<body>
  <div class='ocr_page' id='page_1' title='image "./mtulliiciceroni03mlgoog_0095.png"; bbox 0 0 2478 3936; ppageno 0'>
   <div class='ocr_carea' id='block_1_1' title="bbox 157 123 860 194">
    <p class='ocr_par' dir='ltr' id='par_1_1' title="bbox 157 123 860 194">
     <span class='ocr_line' id='line_1_1' title="bbox 157 123 860 194; baseline -0.007 -13"><span class='ocrx_word' id='word_1_1' title='bbox 157 129 202 194; x_wconf 80' lang='lat'>42</span> <span class='ocrx_word' id='word_1_2' title='bbox 466 126 516 180; x_wconf 86' lang='lat' dir='ltr'>DE</span> <span class='ocrx_word' id='word_1_3' title='bbox 535 124 688 182; x_wconf 80' lang='lat' dir='ltr'><strong>NATURA</strong></span> <span class='ocrx_word' id='word_1_4' title='bbox 705 123 860 178; x_wconf 84' lang='lat' dir='ltr'>DEORUM</span> 
     </span>
    </p>
   </div>
   <div class='ocr_carea' id='block_1_2' title="bbox 50 267 1228 3105">
    <p class='ocr_par' dir='ltr' id='par_1_2' title="bbox 105 267 1228 1415">
     <span class='ocr_line' id='line_1_2' title="bbox 105 267 1175 353; baseline -0.002 -20"><span class='ocrx_word' id='word_1_5' title='bbox 105 284 158 335; x_wconf 82' lang='grc'>110</span> <span class='ocrx_word' id='word_1_6' title='bbox 172 273 229 338; x_wconf 87' lang='lat' dir='ltr'>sed</span> <span class='ocrx_word' id='word_1_7' title='bbox 251 273 381 338; x_wconf 92' lang='lat' dir='ltr'>omnino</span> <span class='ocrx_word' id='word_1_8' title='bbox 404 270 487 336; x_wconf 88' lang='lat' dir='ltr'>nihil</span> <span class='ocrx_word' id='word_1_9' title='bbox 510 272 631 353; x_wconf 86' lang='lat' dir='ltr'>curent,</span> <span class='ocrx_word' id='word_1_10' title='bbox 653 268 736 334; x_wconf 85' lang='lat' dir='ltr'>nihil</span> <span class='ocrx_word' id='word_1_11' title='bbox 759 267 882 352; x_wconf 77' lang='lat' dir='ltr'>agant?</span> <span class='ocrx_word' id='word_1_12' title='bbox 918 267 965 332; x_wconf 82' lang='lat' dir='ltr'>At</span> <span class='ocrx_word' id='word_1_13' title='bbox 983 269 1033 332; x_wconf 85' lang='lat' dir='ltr'>est</span> <span class='ocrx_word' id='word_1_14' title='bbox 1051 289 1175 332; x_wconf 87' lang='lat' dir='ltr'>eorum</span> 
     </span>
     <span class='ocr_line' id='line_1_3' title="bbox 159 355 1174 444; baseline -0.007 -18"><span class='ocrx_word' id='word_1_15' title='bbox 159 361 277 426; x_wconf 86' lang='lat' dir='ltr'>eximia</span> <span class='ocrx_word' id='word_1_16' title='bbox 308 360 466 444; x_wconf 78' lang='lat' dir='ltr'><strong>quaedam</strong></span> <span class='ocrx_word' id='word_1_17' title='bbox 496 362 731 443; x_wconf 75' lang='lat' dir='ltr'><strong>praestansque</strong></span> <span class='ocrx_word' id='word_1_18' title='bbox 756 361 887 440; x_wconf 86' lang='lat' dir='ltr'>natura,</span> <span class='ocrx_word' id='word_1_19' title='bbox 918 359 955 419; x_wconf 92' lang='lat' dir='ltr'>ut</span> <span class='ocrx_word' id='word_1_20' title='bbox 983 377 1021 420; x_wconf 88' lang='lat' dir='ltr'>ea</span> <span class='ocrx_word' id='word_1_21' title='bbox 1047 355 1174 420; x_wconf 84' lang='lat' dir='ltr'>debeat</span> 
     </span>
     <span class='ocr_line' id='line_1_4' title="bbox 158 444 1174 534; baseline -0.006 -20"><span class='ocrx_word' id='word_1_22' title='bbox 158 449 231 533; x_wconf 90' lang='lat' dir='ltr'>ipsa</span> <span class='ocrx_word' id='word_1_23' title='bbox 259 470 317 534; x_wconf 86' lang='lat' dir='ltr'>per</span> <span class='ocrx_word' id='word_1_24' title='bbox 345 469 379 513; x_wconf 91' lang='grc'>00</span> <span class='ocrx_word' id='word_1_25' title='bbox 408 447 449 513; x_wconf 86' lang='lat' dir='ltr'>ad</span> <span class='ocrx_word' id='word_1_26' title='bbox 475 446 701 512; x_wconf 76' lang='lat' dir='ltr'>recolendam</span> <span class='ocrx_word' id='word_1_27' title='bbox 723 445 854 510; x_wconf 79' lang='lat' dir='ltr'>allicere</span> <span class='ocrx_word' id='word_1_28' title='bbox 876 444 1066 528; x_wconf 77' lang='lat' dir='ltr'>sapientem.</span> <span class='ocrx_word' id='word_1_29' title='bbox 1111 444 1174 508; x_wconf 87' lang='lat' dir='ltr'>An</span> 
     </span>
     <span class='ocr_line' id='line_1_5' title="bbox 160 534 1172 622; baseline -0.005 -21"><span class='ocrx_word' id='word_1_30' title='bbox 160 537 332 622; x_wconf 88' lang='lat' dir='ltr'>quiequam</span> <span class='ocrx_word' id='word_1_31' title='bbox 355 536 508 602; x_wconf 89' lang='lat' dir='ltr'>eximium</span> <span class='ocrx_word' id='word_1_32' title='bbox 529 537 640 620; x_wconf 89' lang='lat' dir='ltr'>potest</span> <span class='ocrx_word' id='word_1_33' title='bbox 657 555 728 598; x_wconf 91' lang='lat' dir='ltr'>esse</span> <span class='ocrx_word' id='word_1_34' title='bbox 745 534 781 597; x_wconf 88' lang='lat' dir='ltr'>in</span> <span class='ocrx_word' id='word_1_35' title='bbox 798 555 837 598; x_wconf 87' lang='lat' dir='ltr'>ea</span> <span class='ocrx_word' id='word_1_36' title='bbox 853 537 982 616; x_wconf 86' lang='lat' dir='ltr'>natura,</span> <span class='ocrx_word' id='word_1_37' title='bbox 1005 554 1088 615; x_wconf 86' lang='lat' dir='ltr'>quae</span> <span class='ocrx_word' id='word_1_38' title='bbox 1107 553 1172 597; x_wconf 87' lang='lat' dir='ltr'>sua</span> 
     </span>
     <span class='ocr_line' id='line_1_6' title="bbox 158 621 1228 710; baseline -0.007 -20"><span class='ocrx_word' id='word_1_39' title='bbox 158 626 328 710; x_wconf 86' lang='lat' dir='ltr'>voluptate</span> <span class='ocrx_word' id='word_1_40' title='bbox 350 626 477 690; x_wconf 89' lang='lat' dir='ltr'>laetans</span> <span class='ocrx_word' id='word_1_41' title='bbox 499 623 582 688; x_wconf 89' lang='lat' dir='ltr'>nihil</span> <span class='ocrx_word' id='word_1_42' title='bbox 604 643 664 687; x_wconf 91' lang='lat' dir='ltr'>neo</span> <span class='ocrx_word' id='word_1_43' title='bbox 687 625 799 687; x_wconf 83' lang='lat' dir='ltr'>astura</span> <span class='ocrx_word' id='word_1_44' title='bbox 821 621 865 685; x_wconf 91' lang='lat' dir='ltr'>sit</span> <span class='ocrx_word' id='word_1_45' title='bbox 886 643 1044 704; x_wconf 90' lang='lat' dir='ltr'>umquam</span> <span class='ocrx_word' id='word_1_46' title='bbox 1060 643 1169 705; x_wconf 90' lang='lat' dir='ltr'>neque</span> <span class='ocrx_word' id='word_1_47' title='bbox 1221 639 1228 682; x_wconf 79' lang='grc'>1</span> 
     </span>
     <span class='ocr_line' id='line_1_7' title="bbox 160 708 1172 800; baseline -0.004 -22"><span class='ocrx_word' id='word_1_48' title='bbox 160 718 239 800; x_wconf 84' lang='lat' dir='ltr'>agat</span> <span class='ocrx_word' id='word_1_49' title='bbox 265 735 369 797; x_wconf 86' lang='lat' dir='ltr'>neque</span> <span class='ocrx_word' id='word_1_50' title='bbox 397 712 522 799; x_wconf 76' lang='lat' dir='ltr'>egerit?</span> <span class='ocrx_word' id='word_1_51' title='bbox 555 733 636 795; x_wconf 90' lang='lat' dir='ltr'>quae</span> <span class='ocrx_word' id='word_1_52' title='bbox 663 731 761 794; x_wconf 89' lang='lat' dir='ltr'>porro</span> <span class='ocrx_word' id='word_1_53' title='bbox 789 710 894 794; x_wconf 87' lang='lat' dir='ltr'>pietas</span> <span class='ocrx_word' id='word_1_54' title='bbox 917 709 948 772; x_wconf 91' lang='lat' dir='ltr'>ei</span> <span class='ocrx_word' id='word_1_55' title='bbox 971 708 1120 793; x_wconf 89' lang='lat' dir='ltr'>debetur,</span> <span class='ocrx_word' id='word_1_56' title='bbox 1150 732 1172 774; x_wconf 88' lang='grc'>0</span> 
     </span>
     <span class='ocr_line' id='line_1_8' title="bbox 160 797 1171 886; baseline -0.004 -20"><span class='ocrx_word' id='word_1_57' title='bbox 160 823 224 886; x_wconf 90' lang='lat' dir='ltr'>quo</span> <span class='ocrx_word' id='word_1_58' title='bbox 250 801 334 867; x_wconf 91' lang='lat' dir='ltr'>nihil</span> <span class='ocrx_word' id='word_1_59' title='bbox 363 800 545 886; x_wconf 78' lang='lat' dir='ltr'>acceperis?</span> <span class='ocrx_word' id='word_1_60' title='bbox 573 803 630 864; x_wconf 89' lang='lat' dir='ltr'>aut</span> <span class='ocrx_word' id='word_1_61' title='bbox 653 798 732 882; x_wconf 90' lang='lat' dir='ltr'>quid</span> <span class='ocrx_word' id='word_1_62' title='bbox 754 797 899 880; x_wconf 87' lang='lat' dir='ltr'>omnino,</span> <span class='ocrx_word' id='word_1_63' title='bbox 925 797 1017 862; x_wconf 86' lang='lat' dir='ltr'>ouius</span> <span class='ocrx_word' id='word_1_64' title='bbox 1038 798 1171 862; x_wconf 91' lang='lat' dir='ltr'>nullum</span> 
     </span>
     <span class='ocr_line' id='line_1_9' title="bbox 160 886 1172 974; baseline -0.006 -18"><span class='ocrx_word' id='word_1_65' title='bbox 160 891 319 956; x_wconf 90' lang='lat' dir='ltr'>meritum-</span> <span class='ocrx_word' id='word_1_66' title='bbox 335 890 388 974; x_wconf 91' lang='lat' dir='ltr'>sit,</span> <span class='ocrx_word' id='word_1_67' title='bbox 411 889 442 954; x_wconf 91' lang='lat' dir='ltr'>ei</span> <span class='ocrx_word' id='word_1_68' title='bbox 464 889 573 953; x_wconf 89' lang='lat' dir='ltr'>deberi</span> <span class='ocrx_word' id='word_1_69' title='bbox 594 887 725 972; x_wconf 81' lang='lat' dir='ltr'>potest?</span> <span class='ocrx_word' id='word_1_70' title='bbox 761 887 824 952; x_wconf 80' lang='lat' dir='ltr'>Est</span> <span class='ocrx_word' id='word_1_71' title='bbox 846 887 933 950; x_wconf 88' lang='lat' dir='ltr'>enim</span> <span class='ocrx_word' id='word_1_72' title='bbox 950 886 1057 971; x_wconf 86' lang='lat' dir='ltr'>pietas</span> <span class='ocrx_word' id='word_1_73' title='bbox 1076 887 1172 952; x_wconf 75' lang='lat' dir='ltr'>iusti·</span> 
     </span>
     <span class='ocr_line' id='line_1_10' title="bbox 160 974 1171 1061; baseline -0.004 -18"><span class='ocrx_word' id='word_1_74' title='bbox 160 978 208 1043; x_wconf 90' lang='lat' dir='ltr'>tia</span> <span class='ocrx_word' id='word_1_75' title='bbox 231 979 402 1045; x_wconf 88' lang='lat' dir='ltr'>adversum</span> <span class='ocrx_word' id='word_1_76' title='bbox 420 977 511 1061; x_wconf 81' lang='grc' dir='ltr'><strong>(1οοος</strong></span> <span class='ocrx_word' id='word_1_77' title='bbox 533 998 606 1042; x_wconf 89' lang='lat' dir='ltr'>oum</span> <span class='ocrx_word' id='word_1_78' title='bbox 625 975 742 1060; x_wconf 87' lang='lat' dir='ltr'>quibus</span> <span class='ocrx_word' id='word_1_79' title='bbox 761 974 838 1058; x_wconf 91' lang='lat' dir='ltr'>quid</span> <span class='ocrx_word' id='word_1_80' title='bbox 854 975 965 1059; x_wconf 91' lang='lat' dir='ltr'>potest</span> <span class='ocrx_word' id='word_1_81' title='bbox 982 974 1078 1039; x_wconf 87' lang='lat' dir='ltr'>nohis</span> <span class='ocrx_word' id='word_1_82' title='bbox 1097 997 1171 1039; x_wconf 88' lang='lat' dir='ltr'>esse</span> 
     </span>
     <span class='ocr_line' id='line_1_11' title="bbox 160 1062 1228 1150; baseline -0.01 -18"><span class='ocrx_word' id='word_1_83' title='bbox 160 1067 253 1150; x_wconf 87' lang='lat' dir='ltr'>iuris,</span> <span class='ocrx_word' id='word_1_84' title='bbox 285 1089 359 1132; x_wconf 89' lang='lat' dir='ltr'>oum</span> <span class='ocrx_word' id='word_1_85' title='bbox 389 1065 514 1131; x_wconf 93' lang='lat' dir='ltr'>homini</span> <span class='ocrx_word' id='word_1_86' title='bbox 543 1065 636 1129; x_wconf 89' lang='lat' dir='ltr'>nulla</span> <span class='ocrx_word' id='word_1_87' title='bbox 667 1085 740 1128; x_wconf 90' lang='lat' dir='ltr'>oum</span> <span class='ocrx_word' id='word_1_88' title='bbox 770 1063 829 1128; x_wconf 90' lang='lat' dir='ltr'>deo</span> <span class='ocrx_word' id='word_1_89' title='bbox 857 1062 901 1126; x_wconf 90' lang='lat' dir='ltr'>sit</span> <span class='ocrx_word' id='word_1_90' title='bbox 927 1063 1171 1128; x_wconf 79' lang='lat' dir='ltr'>communitas?</span> <span class='ocrx_word' id='word_1_91' title='bbox 1190 1083 1228 1122; x_wconf 83' lang='grc'>10</span> 
     </span>
     <span class='ocr_line' id='line_1_12' title="bbox 162 1151 1173 1237; baseline -0.003 -18"><span class='ocrx_word' id='word_1_92' title='bbox 162 1153 324 1219; x_wconf 80' lang='lat' dir='ltr'>Sanctitas</span> <span class='ocrx_word' id='word_1_93' title='bbox 348 1156 457 1219; x_wconf 88' lang='lat' dir='ltr'>autem</span> <span class='ocrx_word' id='word_1_94' title='bbox 480 1156 531 1218; x_wconf 87' lang='lat' dir='ltr'>est</span> <span class='ocrx_word' id='word_1_95' title='bbox 553 1151 689 1218; x_wconf 86' lang='lat' dir='ltr'>seientia</span> <span class='ocrx_word' id='word_1_96' title='bbox 710 1151 918 1217; x_wconf 80' lang='lat' dir='ltr'>colendorum</span> <span class='ocrx_word' id='word_1_97' title='bbox 941 1151 1090 1234; x_wconf 83' lang='lat' dir='ltr'>deorum3</span> <span class='ocrx_word' id='word_1_98' title='bbox 1113 1152 1173 1237; x_wconf 92' lang='lat' dir='ltr'>qui</span> 
     </span>
     <span class='ocr_line' id='line_1_13' title="bbox 162 1239 1171 1327; baseline -0.001 -21"><span class='ocrx_word' id='word_1_99' title='bbox 162 1264 260 1327; x_wconf 90' lang='lat' dir='ltr'>quam</span> <span class='ocrx_word' id='word_1_100' title='bbox 287 1242 330 1306; x_wconf 93' lang='lat' dir='ltr'>ob</span> <span class='ocrx_word' id='word_1_101' title='bbox 358 1264 427 1306; x_wconf 91' lang='grc'><strong>10111</strong></span> <span class='ocrx_word' id='word_1_102' title='bbox 454 1241 580 1306; x_wconf 83' lang='lat' dir='ltr'>colendi</span> <span class='ocrx_word' id='word_1_103' title='bbox 602 1241 682 1323; x_wconf 86' lang='lat' dir='ltr'>sint,</span> <span class='ocrx_word' id='word_1_104' title='bbox 709 1260 776 1305; x_wconf 90' lang='lat' dir='ltr'>non</span> <span class='ocrx_word' id='word_1_105' title='bbox 796 1239 967 1324; x_wconf 77' lang='lat' dir='ltr'>intellego,</span> <span class='ocrx_word' id='word_1_106' title='bbox 994 1240 1087 1305; x_wconf 90' lang='lat' dir='ltr'>nullo</span> <span class='ocrx_word' id='word_1_107' title='bbox 1109 1261 1171 1306; x_wconf 86' lang='lat' dir='ltr'>nee</span> 
     </span>
     <span class='ocr_line' id='line_1_14' title="bbox 162 1329 775 1415; baseline -0.007 -19"><span class='ocrx_word' id='word_1_108' title='bbox 162 1334 295 1414; x_wconf 82' lang='lat' dir='ltr'>accepto</span> <span class='ocrx_word' id='word_1_109' title='bbox 318 1330 359 1394; x_wconf 88' lang='lat' dir='ltr'>ab</span> <span class='ocrx_word' id='word_1_110' title='bbox 382 1329 423 1393; x_wconf 88' lang='lat' dir='ltr'>iis</span> <span class='ocrx_word' id='word_1_111' title='bbox 444 1350 505 1394; x_wconf 88' lang='lat' dir='ltr'>neo</span> <span class='ocrx_word' id='word_1_112' title='bbox 527 1333 657 1415; x_wconf 89' lang='lat' dir='ltr'>sperato</span> <span class='ocrx_word' id='word_1_113' title='bbox 679 1329 775 1392; x_wconf 90' lang='lat' dir='ltr'>bono.</span> 
     </span>
    </p>

    <p class='ocr_par' dir='ltr' id='par_1_3' title="bbox 105 1387 1228 1857">
     <span class='ocr_line' id='line_1_15' title="bbox 105 1387 1172 1513; baseline -0.001 -31"><span class='ocrx_word' id='word_1_114' title='bbox 105 1387 161 1513; x_wconf 45' lang='lat'>1¹12,</span> <span class='ocrx_word' id='word_1_115' title='bbox 228 1416 312 1493; x_wconf 84' lang='lat' dir='ltr'>Quid</span> <span class='ocrx_word' id='word_1_116' title='bbox 335 1420 385 1482; x_wconf 90' lang='lat' dir='ltr'>est</span> <span class='ocrx_word' id='word_1_117' title='bbox 408 1420 524 1501; x_wconf 89' lang='lat' dir='ltr'>autem,</span> <span class='ocrx_word' id='word_1_118' title='bbox 547 1418 634 1501; x_wconf 87' lang='lat' dir='ltr'>quod</span> <span class='ocrx_word' id='word_1_119' title='bbox 656 1417 733 1482; x_wconf 89' lang='lat' dir='ltr'>deos</span> <span class='ocrx_word' id='word_1_120' title='bbox 755 1437 944 1482; x_wconf 88' lang='lat' dir='ltr'>veneremur</span> <span class='ocrx_word' id='word_1_121' title='bbox 961 1419 1097 1501; x_wconf 89' lang='lat' dir='ltr'>propter</span> <span class='ocrx_word' id='word_1_122' title='bbox 1116 1417 1172 1481; x_wconf 87' lang='lat' dir='ltr'>ad·</span> 
     </span>
     <span class='ocr_line' id='line_1_16' title="bbox 162 1504 1228 1590; baseline -0.006 -18"><span class='ocrx_word' id='word_1_123' title='bbox 162 1506 370 1572; x_wconf 87' lang='lat' dir='ltr'>mirationem</span> <span class='ocrx_word' id='word_1_124' title='bbox 392 1506 460 1570; x_wconf 88' lang='lat' dir='ltr'>eius</span> <span class='ocrx_word' id='word_1_125' title='bbox 482 1509 628 1588; x_wconf 87' lang='lat' dir='ltr'>naturae,</span> <span class='ocrx_word' id='word_1_126' title='bbox 651 1506 685 1569; x_wconf 93' lang='lat' dir='ltr'>in</span> <span class='ocrx_word' id='word_1_127' title='bbox 708 1525 772 1588; x_wconf 89' lang='lat' dir='ltr'>qua</span> <span class='ocrx_word' id='word_1_128' title='bbox 795 1504 963 1590; x_wconf 84' lang='lat' dir='ltr'>egregium</span> <span class='ocrx_word' id='word_1_129' title='bbox 980 1505 1065 1568; x_wconf 90' lang='lat' dir='ltr'>nihil</span> <span class='ocrx_word' id='word_1_130' title='bbox 1083 1505 1172 1570; x_wconf 76' lang='lat' dir='ltr'>ride</span> <span class='ocrx_word' id='word_1_131' title='bbox 1186 1523 1228 1566; x_wconf 74' lang='lat'>15}</span> 
     </span>
     <span class='ocr_line' id='line_1_17' title="bbox 162 1591 1228 1679; baseline 0.001 -18"><span class='ocrx_word' id='word_1_132' title='bbox 162 1596 257 1661; x_wconf 80' lang='lat' dir='ltr'>mus?</span> <span class='ocrx_word' id='word_1_133' title='bbox 293 1593 379 1660; x_wconf 84' lang='lat' dir='ltr'>Nam</span> <span class='ocrx_word' id='word_1_134' title='bbox 403 1594 642 1679; x_wconf 70' lang='lat' dir='ltr'>superstitione,</span> <span class='ocrx_word' id='word_1_135' title='bbox 665 1593 751 1677; x_wconf 92' lang='lat' dir='ltr'>quod</span> <span class='ocrx_word' id='word_1_136' title='bbox 774 1592 909 1678; x_wconf 86' lang='lat' dir='ltr'>gloriari</span> <span class='ocrx_word' id='word_1_137' title='bbox 927 1592 1051 1676; x_wconf 89' lang='lat' dir='ltr'>soletis,</span> <span class='ocrx_word' id='word_1_138' title='bbox 1073 1591 1172 1658; x_wconf 87' lang='lat' dir='ltr'>faoile</span> <span class='ocrx_word' id='word_1_139' title='bbox 1227 1659 1228 1662; x_wconf 74' lang='grc'><strong>,</strong></span> 
     </span>
     <span class='ocr_line' id='line_1_18' title="bbox 162 1680 1174 1767; baseline -0.002 -19"><span class='ocrx_word' id='word_1_140' title='bbox 162 1689 212 1749; x_wconf 87' lang='grc'>001</span> <span class='ocrx_word' id='word_1_141' title='bbox 235 1683 380 1767; x_wconf 89' lang='lat' dir='ltr'>liberari,</span> <span class='ocrx_word' id='word_1_142' title='bbox 408 1706 481 1748; x_wconf 90' lang='lat' dir='ltr'>oum</span> <span class='ocrx_word' id='word_1_143' title='bbox 504 1682 674 1748; x_wconf 84' lang='lat' dir='ltr'>sustuleris</span> <span class='ocrx_word' id='word_1_144' title='bbox 697 1702 825 1746; x_wconf 90' lang='lat' dir='ltr'>omnem</span> <span class='ocrx_word' id='word_1_145' title='bbox 847 1681 914 1745; x_wconf 81' lang='lat' dir='ltr'>rim</span> <span class='ocrx_word' id='word_1_146' title='bbox 938 1680 1083 1765; x_wconf 72' lang='lat' dir='ltr'>deorum,</span> <span class='ocrx_word' id='word_1_147' title='bbox 1106 1682 1174 1746; x_wconf 90' lang='lat' dir='ltr'>nisi</span> 
     </span>
     <span class='ocr_line' id='line_1_19' title="bbox 161 1769 1228 1857; baseline -0.002 -20"><span class='ocrx_word' id='word_1_148' title='bbox 161 1772 246 1838; x_wconf 90' lang='lat' dir='ltr'>forte</span> <span class='ocrx_word' id='word_1_149' title='bbox 259 1772 440 1857; x_wconf 80' lang='lat' dir='ltr'>Diagoram</span> <span class='ocrx_word' id='word_1_150' title='bbox 463 1775 520 1836; x_wconf 87' lang='lat' dir='ltr'>aut</span> <span class='ocrx_word' id='word_1_151' title='bbox 533 1770 747 1853; x_wconf 85' lang='lat' dir='ltr'>Theodorum,</span> <span class='ocrx_word' id='word_1_152' title='bbox 770 1769 826 1854; x_wconf 90' lang='lat' dir='ltr'>qui</span> <span class='ocrx_word' id='word_1_153' title='bbox 847 1769 979 1834; x_wconf 92' lang='lat' dir='ltr'>omnino</span> <span class='ocrx_word' id='word_1_154' title='bbox 1002 1769 1079 1834; x_wconf 90' lang='lat' dir='ltr'>deos</span> <span class='ocrx_word' id='word_1_155' title='bbox 1100 1791 1174 1835; x_wconf 87' lang='lat' dir='ltr'>esse</span> <span class='ocrx_word' id='word_1_156' title='bbox 1227 1829 1228 1834; x_wconf 73' lang='grc'><strong>,</strong></span> 
     </span>
    </p>

    <p class='ocr_par' dir='ltr' id='par_1_4' title="bbox 50 1856 1228 2296">
     <span class='ocr_line' id='line_1_20' title="bbox 50 1856 1228 1946; baseline -0.003 -21"><span class='ocrx_word' id='word_1_157' title='bbox 50 1923 54 1932; x_wconf 89' lang='grc'><strong>,</strong></span> <span class='ocrx_word' id='word_1_158' title='bbox 160 1860 337 1946; x_wconf 83' lang='lat' dir='ltr'>negabant,</span> <span class='ocrx_word' id='word_1_159' title='bbox 360 1881 470 1925; x_wconf 79' lang='lat' dir='ltr'>censes</span> <span class='ocrx_word' id='word_1_160' title='bbox 495 1859 739 1944; x_wconf 89' lang='lat' dir='ltr'>superstitiosos</span> <span class='ocrx_word' id='word_1_161' title='bbox 757 1879 828 1922; x_wconf 91' lang='grc'><strong>0000</strong></span> <span class='ocrx_word' id='word_1_162' title='bbox 845 1857 999 1941; x_wconf 88' lang='lat' dir='ltr'>potuisse.</span> <span class='ocrx_word' id='word_1_163' title='bbox 1035 1856 1172 1944; x_wconf 83' lang='lat' dir='ltr'>Egone</span> <span class='ocrx_word' id='word_1_164' title='bbox 1227 1931 1228 1942; x_wconf 37' lang='grc'><strong>,</strong></span> 
     </span>
     <span class='ocr_line' id='line_1_21' title="bbox 162 1943 1228 2032; baseline -0.005 -21"><span class='ocrx_word' id='word_1_165' title='bbox 162 1947 378 2032; x_wconf 83' lang='lat' dir='ltr'>Protagoram</span> <span class='ocrx_word' id='word_1_166' title='bbox 409 1947 551 2031; x_wconf 88' lang='lat' dir='ltr'>quidem,</span> <span class='ocrx_word' id='word_1_167' title='bbox 582 1947 634 2013; x_wconf 83' lang='grc'><strong>0111</strong></span> <span class='ocrx_word' id='word_1_168' title='bbox 660 1949 812 2011; x_wconf 88' lang='lat' dir='ltr'>neutrum</span> <span class='ocrx_word' id='word_1_169' title='bbox 838 1944 980 2029; x_wconf 84' lang='lat' dir='ltr'>licuerit,</span> <span class='ocrx_word' id='word_1_170' title='bbox 1010 1967 1071 2011; x_wconf 90' lang='grc'><strong>1100</strong></span> <span class='ocrx_word' id='word_1_171' title='bbox 1099 1969 1171 2012; x_wconf 88' lang='grc'><strong>0000</strong></span> <span class='ocrx_word' id='word_1_172' title='bbox 1186 1943 1228 2006; x_wconf 65' lang='lat' dir='ltr'>ro?</span> 
     </span>
     <span class='ocr_line' id='line_1_22' title="bbox 163 2033 1228 2101; baseline 0.002 -3"><span class='ocrx_word' id='word_1_173' title='bbox 163 2035 240 2100; x_wconf 92' lang='lat' dir='ltr'>deos</span> <span class='ocrx_word' id='word_1_174' title='bbox 266 2055 326 2099; x_wconf 90' lang='lat' dir='ltr'>neo</span> <span class='ocrx_word' id='word_1_175' title='bbox 350 2056 416 2100; x_wconf 90' lang='lat' dir='ltr'>nou</span> <span class='ocrx_word' id='word_1_176' title='bbox 439 2057 517 2101; x_wconf 88' lang='lat' dir='ltr'>esse.</span> <span class='ocrx_word' id='word_1_177' title='bbox 562 2034 688 2100; x_wconf 90' lang='lat' dir='ltr'>Horum</span> <span class='ocrx_word' id='word_1_178' title='bbox 712 2034 798 2098; x_wconf 90' lang='lat' dir='ltr'>enim</span> <span class='ocrx_word' id='word_1_179' title='bbox 821 2033 1001 2099; x_wconf 90' lang='lat' dir='ltr'>sententiae</span> <span class='ocrx_word' id='word_1_180' title='bbox 1024 2035 1172 2100; x_wconf 90' lang='lat' dir='ltr'>omnium</span> <span class='ocrx_word' id='word_1_181' title='bbox 1227 2037 1228 2068; x_wconf 70' lang='lat'>³</span> 
     </span>
     <span class='ocr_line' id='line_1_23' title="bbox 162 2121 1228 2207; baseline 0.002 -21"><span class='ocrx_word' id='word_1_182' title='bbox 162 2143 229 2186; x_wconf 92' lang='lat' dir='ltr'>non</span> <span class='ocrx_word' id='word_1_183' title='bbox 250 2122 346 2187; x_wconf 92' lang='lat' dir='ltr'>modo</span> <span class='ocrx_word' id='word_1_184' title='bbox 370 2123 633 2207; x_wconf 88' lang='lat' dir='ltr'>superstitionem</span> <span class='ocrx_word' id='word_1_185' title='bbox 656 2123 790 2205; x_wconf 90' lang='lat' dir='ltr'>tollunt,</span> <span class='ocrx_word' id='word_1_186' title='bbox 817 2121 853 2186; x_wconf 93' lang='lat' dir='ltr'>in</span> <span class='ocrx_word' id='word_1_187' title='bbox 875 2143 940 2206; x_wconf 88' lang='lat' dir='ltr'>qua</span> <span class='ocrx_word' id='word_1_188' title='bbox 960 2123 1048 2187; x_wconf 89' lang='lat' dir='ltr'>inest</span> <span class='ocrx_word' id='word_1_189' title='bbox 1071 2124 1171 2188; x_wconf 89' lang='lat' dir='ltr'>timor</span> <span class='ocrx_word' id='word_1_190' title='bbox 1227 2193 1228 2200; x_wconf 16' lang='lat'>¹</span> 
     </span>
     <span class='ocr_line' id='line_1_24' title="bbox 162 2208 1228 2296; baseline 0.004 -23"><span class='ocrx_word' id='word_1_191' title='bbox 162 2208 269 2274; x_wconf 88' lang='lat' dir='ltr'>inanis</span> <span class='ocrx_word' id='word_1_192' title='bbox 301 2209 446 2295; x_wconf 90' lang='lat' dir='ltr'>deorum,</span> <span class='ocrx_word' id='word_1_193' title='bbox 478 2211 535 2275; x_wconf 90' lang='lat' dir='ltr'>sed</span> <span class='ocrx_word' id='word_1_194' title='bbox 563 2211 661 2276; x_wconf 88' lang='lat' dir='ltr'>etiam</span> <span class='ocrx_word' id='word_1_195' title='bbox 688 2210 893 2296; x_wconf 80' lang='lat' dir='ltr'>religionem,</span> <span class='ocrx_word' id='word_1_196' title='bbox 926 2231 1008 2294; x_wconf 88' lang='lat' dir='ltr'>quae</span> <span class='ocrx_word' id='word_1_197' title='bbox 1036 2212 1171 2277; x_wconf 89' lang='lat' dir='ltr'>deorum</span> <span class='ocrx_word' id='word_1_198' title='bbox 1227 2209 1228 2256; x_wconf 75' lang='lat'>1</span> 
     </span>
    </p>

    <p class='ocr_par' dir='ltr' id='par_1_5' title="bbox 110 2295 1228 2914">
     <span class='ocr_line' id='line_1_25' title="bbox 110 2295 1228 2384; baseline 0.007 -28"><span class='ocrx_word' id='word_1_199' title='bbox 110 2306 162 2357; x_wconf 83' lang='grc'>118</span> <span class='ocrx_word' id='word_1_200' title='bbox 177 2297 266 2364; x_wconf 85' lang='lat' dir='ltr'>cultu</span> <span class='ocrx_word' id='word_1_201' title='bbox 292 2298 347 2384; x_wconf 90' lang='lat' dir='ltr'>pio</span> <span class='ocrx_word' id='word_1_202' title='bbox 375 2299 565 2364; x_wconf 80' lang='lat' dir='ltr'>continetur.</span> <span class='ocrx_word' id='word_1_203' title='bbox 610 2297 715 2374; x_wconf 76' lang='lat' dir='ltr'>Quid?</span> <span class='ocrx_word' id='word_1_204' title='bbox 742 2299 780 2382; x_wconf 92' lang='lat' dir='ltr'>ii,</span> <span class='ocrx_word' id='word_1_205' title='bbox 809 2299 864 2382; x_wconf 94' lang='lat' dir='ltr'>qui</span> <span class='ocrx_word' id='word_1_206' title='bbox 891 2298 1041 2363; x_wconf 84' lang='lat' dir='ltr'>dixerunt</span> <span class='ocrx_word' id='word_1_207' title='bbox 1064 2303 1171 2365; x_wconf 89' lang='lat' dir='ltr'>totam</span> <span class='ocrx_word' id='word_1_208' title='bbox 1227 2295 1228 2304; x_wconf 67' lang='grc'>’</span> 
     </span>
     <span class='ocr_line' id='line_1_26' title="bbox 164 2386 1228 2472; baseline -0.006 -20"><span class='ocrx_word' id='word_1_209' title='bbox 164 2386 202 2452; x_wconf 83' lang='grc'>(10</span> <span class='ocrx_word' id='word_1_210' title='bbox 226 2387 275 2453; x_wconf 88' lang='lat' dir='ltr'>dis</span> <span class='ocrx_word' id='word_1_211' title='bbox 297 2387 527 2453; x_wconf 89' lang='lat' dir='ltr'>inmortalibus</span> <span class='ocrx_word' id='word_1_212' title='bbox 545 2387 731 2472; x_wconf 88' lang='lat' dir='ltr'>opinionem</span> <span class='ocrx_word' id='word_1_213' title='bbox 748 2388 859 2453; x_wconf 83' lang='lat' dir='ltr'>fictam</span> <span class='ocrx_word' id='word_1_214' title='bbox 877 2408 947 2451; x_wconf 89' lang='grc'><strong>0000</strong></span> <span class='ocrx_word' id='word_1_215' title='bbox 966 2387 1007 2451; x_wconf 83' lang='grc'>01)</span> <span class='ocrx_word' id='word_1_216' title='bbox 1030 2388 1169 2453; x_wconf 89' lang='lat' dir='ltr'>homini·</span> <span class='ocrx_word' id='word_1_217' title='bbox 1183 2406 1206 2447; x_wconf 76' lang='lat'>25</span> <span class='ocrx_word' id='word_1_218' title='bbox 1227 2397 1228 2472; x_wconf 31' lang='grc' dir='ltr'>ζ</span> 
     </span>
     <span class='ocr_line' id='line_1_27' title="bbox 162 2475 1228 2560; baseline 0.001 -19"><span class='ocrx_word' id='word_1_219' title='bbox 162 2475 224 2541; x_wconf 90' lang='lat' dir='ltr'>bus</span> <span class='ocrx_word' id='word_1_220' title='bbox 248 2476 449 2560; x_wconf 83' lang='lat' dir='ltr'>sapientibus</span> <span class='ocrx_word' id='word_1_221' title='bbox 471 2475 686 2560; x_wconf 75' lang='lat' dir='ltr'>reipublicae</span> <span class='ocrx_word' id='word_1_222' title='bbox 706 2497 812 2559; x_wconf 84' lang='lat' dir='ltr'>eausa,</span> <span class='ocrx_word' id='word_1_223' title='bbox 833 2478 881 2559; x_wconf 92' lang='lat' dir='ltr'>ut,</span> <span class='ocrx_word' id='word_1_224' title='bbox 899 2475 981 2560; x_wconf 80' lang='lat' dir='ltr'>quos</span> <span class='ocrx_word' id='word_1_225' title='bbox 999 2476 1087 2542; x_wconf 87' lang='lat' dir='ltr'>ratio</span> <span class='ocrx_word' id='word_1_226' title='bbox 1105 2499 1172 2542; x_wconf 90' lang='lat' dir='ltr'>non</span> <span class='ocrx_word' id='word_1_227' title='bbox 1227 2485 1228 2560; x_wconf 52' lang='lat' dir='ltr'><em>g</em></span> 
     </span>
     <span class='ocr_line' id='line_1_28' title="bbox 162 2563 1228 2650; baseline 0.001 -21"><span class='ocrx_word' id='word_1_228' title='bbox 162 2570 284 2650; x_wconf 89' lang='lat' dir='ltr'>posset,</span> <span class='ocrx_word' id='word_1_229' title='bbox 306 2587 361 2631; x_wconf 88' lang='lat' dir='ltr'>eos</span> <span class='ocrx_word' id='word_1_230' title='bbox 384 2565 426 2630; x_wconf 88' lang='lat' dir='ltr'>ad</span> <span class='ocrx_word' id='word_1_231' title='bbox 448 2564 591 2630; x_wconf 85' lang='lat' dir='ltr'>officium</span> <span class='ocrx_word' id='word_1_232' title='bbox 612 2563 729 2648; x_wconf 89' lang='lat' dir='ltr'>religio</span> <span class='ocrx_word' id='word_1_233' title='bbox 753 2564 891 2646; x_wconf 84' lang='lat' dir='ltr'>duceret,</span> <span class='ocrx_word' id='word_1_234' title='bbox 912 2585 1019 2628; x_wconf 90' lang='lat' dir='ltr'>nonne</span> <span class='ocrx_word' id='word_1_235' title='bbox 1040 2585 1170 2630; x_wconf 89' lang='lat' dir='ltr'>omnem</span> <span class='ocrx_word' id='word_1_236' title='bbox 1227 2629 1228 2636; x_wconf 68' lang='grc'><strong>,</strong></span> 
     </span>
     <span class='ocr_line' id='line_1_29' title="bbox 163 2647 1228 2739; baseline 0.004 -25"><span class='ocrx_word' id='word_1_237' title='bbox 163 2652 355 2739; x_wconf 79' lang='lat' dir='ltr'>religionem</span> <span class='ocrx_word' id='word_1_238' title='bbox 374 2653 520 2720; x_wconf 82' lang='lat' dir='ltr'>fimditus</span> <span class='ocrx_word' id='word_1_239' title='bbox 535 2652 758 2717; x_wconf 81' lang='lat' dir='ltr'>sustulerunt?</span> <span class='ocrx_word' id='word_1_240' title='bbox 781 2650 889 2727; x_wconf 76' lang='lat' dir='ltr'>Quid?</span> <span class='ocrx_word' id='word_1_241' title='bbox 912 2651 1069 2716; x_wconf 81' lang='lat' dir='ltr'>Prodicus</span> <span class='ocrx_word' id='word_1_242' title='bbox 1085 2652 1170 2736; x_wconf 80' lang='lat' dir='ltr'>Cius,</span> <span class='ocrx_word' id='word_1_243' title='bbox 1227 2647 1228 2686; x_wconf 60' lang='lat'>¹</span> 
     </span>
     <span class='ocr_line' id='line_1_30' title="bbox 165 2739 1228 2826; baseline 0.003 -22"><span class='ocrx_word' id='word_1_244' title='bbox 165 2739 221 2822; x_wconf 91' lang='lat' dir='ltr'>qui</span> <span class='ocrx_word' id='word_1_245' title='bbox 248 2761 299 2823; x_wconf 86' lang='lat' dir='ltr'>ea,</span> <span class='ocrx_word' id='word_1_246' title='bbox 332 2763 413 2824; x_wconf 86' lang='lat' dir='ltr'>quae</span> <span class='ocrx_word' id='word_1_247' title='bbox 443 2740 634 2826; x_wconf 88' lang='lat' dir='ltr'>prodessent</span> <span class='ocrx_word' id='word_1_248' title='bbox 655 2740 824 2805; x_wconf 88' lang='lat' dir='ltr'>hominum</span> <span class='ocrx_word' id='word_1_249' title='bbox 846 2740 946 2824; x_wconf 86' lang='lat' dir='ltr'>vitae,</span> <span class='ocrx_word' id='word_1_250' title='bbox 978 2739 1115 2807; x_wconf 90' lang='lat' dir='ltr'>deorum</span> <span class='ocrx_word' id='word_1_251' title='bbox 1137 2742 1171 2806; x_wconf 90' lang='lat' dir='ltr'>in</span> <span class='ocrx_word' id='word_1_252' title='bbox 1227 2805 1228 2826; x_wconf 47' lang='lat'>,</span> 
     </span>
     <span class='ocr_line' id='line_1_31' title="bbox 163 2827 1204 2914; baseline -0.001 -25"><span class='ocrx_word' id='word_1_253' title='bbox 163 2847 297 2891; x_wconf 90' lang='lat' dir='ltr'>numero</span> <span class='ocrx_word' id='word_1_254' title='bbox 329 2828 443 2893; x_wconf 88' lang='lat' dir='ltr'>habita</span> <span class='ocrx_word' id='word_1_255' title='bbox 469 2851 540 2894; x_wconf 89' lang='lat' dir='ltr'>esse</span> <span class='ocrx_word' id='word_1_256' title='bbox 567 2828 661 2912; x_wconf 82' lang='lat' dir='ltr'>dixit,</span> <span class='ocrx_word' id='word_1_257' title='bbox 693 2849 792 2912; x_wconf 90' lang='lat' dir='ltr'>quam</span> <span class='ocrx_word' id='word_1_258' title='bbox 817 2827 950 2892; x_wconf 90' lang='lat' dir='ltr'>tandem</span> <span class='ocrx_word' id='word_1_259' title='bbox 975 2827 1170 2914; x_wconf 89' lang='lat' dir='ltr'>religionem</span> <span class='ocrx_word' id='word_1_260' title='bbox 1183 2849 1204 2888; x_wconf 82' lang='grc'>01</span> 
     </span>
    </p>

    <p class='ocr_par' dir='ltr' id='par_1_6' title="bbox 111 2912 1228 3105">
     <span class='ocr_line' id='line_1_32' title="bbox 111 2912 1170 3002; baseline 0.009 -29"><span class='ocrx_word' id='word_1_261' title='bbox 111 2925 163 2974; x_wconf 80' lang='grc'>119</span> <span class='ocrx_word' id='word_1_262' title='bbox 177 2912 330 2998; x_wconf 78' lang='lat' dir='ltr'>reliquit?</span> <span class='ocrx_word' id='word_1_263' title='bbox 367 2914 472 2991; x_wconf 81' lang='lat' dir='ltr'>Quid?</span> <span class='ocrx_word' id='word_1_264' title='bbox 495 2917 551 3001; x_wconf 90' lang='lat' dir='ltr'>qui</span> <span class='ocrx_word' id='word_1_265' title='bbox 571 2920 629 2983; x_wconf 88' lang='lat' dir='ltr'>ant</span> <span class='ocrx_word' id='word_1_266' title='bbox 644 2915 741 2981; x_wconf 85' lang='lat' dir='ltr'>fortis</span> <span class='ocrx_word' id='word_1_267' title='bbox 760 2919 818 2981; x_wconf 88' lang='lat' dir='ltr'>aut</span> <span class='ocrx_word' id='word_1_268' title='bbox 835 2917 940 2982; x_wconf 86' lang='grc'><strong>010100</strong></span> <span class='ocrx_word' id='word_1_269' title='bbox 954 2919 1012 2980; x_wconf 89' lang='lat' dir='ltr'>aut</span> <span class='ocrx_word' id='word_1_270' title='bbox 1024 2918 1170 3002; x_wconf 89' lang='lat' dir='ltr'>potentis</span> 
     </span>
     <span class='ocr_line' id='line_1_33' title="bbox 164 3000 1228 3105; baseline 0.006 -39"><span class='ocrx_word' id='word_1_271' title='bbox 164 3000 252 3066; x_wconf 87' lang='lat' dir='ltr'>viros</span> <span class='ocrx_word' id='word_1_272' title='bbox 274 3001 408 3067; x_wconf 89' lang='lat' dir='ltr'>tradunt</span> <span class='ocrx_word' id='word_1_273' title='bbox 429 3007 505 3087; x_wconf 87' lang='lat' dir='ltr'>post</span> <span class='ocrx_word' id='word_1_274' title='bbox 523 3008 662 3070; x_wconf 89' lang='lat' dir='ltr'>mortem</span> <span class='ocrx_word' id='word_1_275' title='bbox 680 3005 722 3070; x_wconf 87' lang='lat' dir='ltr'>ad</span> <span class='ocrx_word' id='word_1_276' title='bbox 740 3005 819 3105; x_wconf 77' lang='lat' dir='ltr'>deos</span> <span class='ocrx_word' id='word_1_277' title='bbox 834 3003 1028 3090; x_wconf 86' lang='lat' dir='ltr'>pervenisse,</span> <span class='ocrx_word' id='word_1_278' title='bbox 1051 3027 1170 3091; x_wconf 88' lang='lat' dir='ltr'>eosque</span> <span class='ocrx_word' id='word_1_279' title='bbox 1227 3035 1228 3064; x_wconf 67' lang='grc'>1</span> 
     </span>
    </p>
   </div>
   <div class='ocr_carea' id='block_1_3' title="bbox 163 3089 1202 3528">
    <p class='ocr_par' dir='ltr' id='par_1_7' title="bbox 163 3075 1228 3440">
     <span class='ocr_line' id='line_1_34' title="bbox 165 3089 1171 3178; baseline 0.009 -26"><span class='ocrx_word' id='word_1_280' title='bbox 165 3109 235 3153; x_wconf 89' lang='grc'><strong>0000</strong></span> <span class='ocrx_word' id='word_1_281' title='bbox 257 3089 357 3174; x_wconf 82' lang='grc'><strong>10000,</strong></span> <span class='ocrx_word' id='word_1_282' title='bbox 379 3111 460 3174; x_wconf 87' lang='lat' dir='ltr'>quos</span> <span class='ocrx_word' id='word_1_283' title='bbox 482 3112 541 3156; x_wconf 87' lang='lat' dir='ltr'>nos</span> <span class='ocrx_word' id='word_1_284' title='bbox 561 3093 674 3177; x_wconf 89' lang='grc'><strong>001010,</strong></span> <span class='ocrx_word' id='word_1_285' title='bbox 696 3114 822 3178; x_wconf 87' lang='grc'><strong>0100011</strong></span> <span class='ocrx_word' id='word_1_286' title='bbox 839 3091 1049 3176; x_wconf 84' lang='lat' dir='ltr'>venerarique</span> <span class='ocrx_word' id='word_1_287' title='bbox 1068 3095 1171 3161; x_wconf 91' lang='grc'><strong>00100-</strong></span> 
     </span>
     <span class='ocr_line' id='line_1_35' title="bbox 164 3179 1169 3267; baseline 0.007 -25"><span class='ocrx_word' id='word_1_288' title='bbox 164 3198 250 3261; x_wconf 88' lang='lat' dir='ltr'>mus,</span> <span class='ocrx_word' id='word_1_289' title='bbox 274 3199 380 3244; x_wconf 90' lang='lat' dir='ltr'>nonne</span> <span class='ocrx_word' id='word_1_290' title='bbox 403 3181 550 3262; x_wconf 82' lang='lat' dir='ltr'>expertes</span> <span class='ocrx_word' id='word_1_291' title='bbox 574 3185 650 3244; x_wconf 91' lang='lat' dir='ltr'>sunt</span> <span class='ocrx_word' id='word_1_292' title='bbox 672 3180 868 3266; x_wconf 88' lang='lat' dir='ltr'>religionum</span> <span class='ocrx_word' id='word_1_293' title='bbox 891 3179 1057 3245; x_wconf 73' lang='lat' dir='ltr'>omnium?</span> <span class='ocrx_word' id='word_1_294' title='bbox 1088 3203 1169 3267; x_wconf 89' lang='lat' dir='ltr'>quae</span> 
     </span>
     <span class='ocr_line' id='line_1_36' title="bbox 163 3265 1202 3351; baseline -0.001 -21"><span class='ocrx_word' id='word_1_295' title='bbox 163 3265 249 3330; x_wconf 87' lang='lat' dir='ltr'>ratio</span> <span class='ocrx_word' id='word_1_296' title='bbox 272 3267 411 3332; x_wconf 88' lang='lat' dir='ltr'>maxime</span> <span class='ocrx_word' id='word_1_297' title='bbox 432 3269 576 3331; x_wconf 85' lang='grc'><strong>11001010</strong></span> <span class='ocrx_word' id='word_1_298' title='bbox 597 3267 639 3332; x_wconf 87' lang='lat' dir='ltr'>ab</span> <span class='ocrx_word' id='word_1_299' title='bbox 661 3267 843 3333; x_wconf 80' lang='lat' dir='ltr'>Euhemero</span> <span class='ocrx_word' id='word_1_300' title='bbox 862 3270 922 3351; x_wconf 83' lang='lat' dir='ltr'>est,</span> <span class='ocrx_word' id='word_1_301' title='bbox 945 3289 1039 3351; x_wconf 91' lang='lat' dir='ltr'>quem</span> <span class='ocrx_word' id='word_1_302' title='bbox 1057 3276 1202 3336; x_wconf 75' lang='lat' dir='ltr'>nestero</span> 
     </span>
     <span class='ocr_line' id='line_1_37' title="bbox 164 3353 1168 3440; baseline 0.009 -24"><span class='ocrx_word' id='word_1_303' title='bbox 164 3355 198 3416; x_wconf 91' lang='lat' dir='ltr'>et</span> <span class='ocrx_word' id='word_1_304' title='bbox 219 3353 451 3437; x_wconf 88' lang='lat' dir='ltr'>interpretatus</span> <span class='ocrx_word' id='word_1_305' title='bbox 473 3357 508 3417; x_wconf 90' lang='lat' dir='ltr'>et</span> <span class='ocrx_word' id='word_1_306' title='bbox 530 3357 658 3419; x_wconf 84' lang='lat' dir='ltr'>secutus</span> <span class='ocrx_word' id='word_1_307' title='bbox 681 3359 732 3420; x_wconf 90' lang='lat' dir='ltr'>est</span> <span class='ocrx_word' id='word_1_308' title='bbox 748 3359 878 3440; x_wconf 88' lang='lat' dir='ltr'>praeter</span> <span class='ocrx_word' id='word_1_309' title='bbox 896 3359 1020 3420; x_wconf 85' lang='lat' dir='ltr'>eeteros</span> <span class='ocrx_word' id='word_1_310' title='bbox 1034 3355 1168 3425; x_wconf 84' lang='lat' dir='ltr'>Ennius.</span> 
     </span>
    </p>

    <p class='ocr_par' dir='ltr' id='par_1_8' title="bbox 174 3438 1168 3528">
     <span class='ocr_line' id='line_1_38' title="bbox 174 3438 1168 3528; baseline 0.009 -25"><span class='ocrx_word' id='word_1_311' title='bbox 174 3438 213 3464; x_wconf 82' lang='lat'>¹¹·</span> <span class='ocrx_word' id='word_1_312' title='bbox 238 3439 265 3464; x_wconf 73' lang='lat'>&#39;³</span> <span class='ocrx_word' id='word_1_313' title='bbox 290 3440 421 3507; x_wconf 72' lang='lat' dir='ltr'>¹emero</span> <span class='ocrx_word' id='word_1_314' title='bbox 444 3444 553 3506; x_wconf 88' lang='lat' dir='ltr'>autem</span> <span class='ocrx_word' id='word_1_315' title='bbox 576 3444 609 3504; x_wconf 91' lang='lat' dir='ltr'>et</span> <span class='ocrx_word' id='word_1_316' title='bbox 631 3446 752 3506; x_wconf 87' lang='lat' dir='ltr'>mortes</span> <span class='ocrx_word' id='word_1_317' title='bbox 776 3445 809 3507; x_wconf 92' lang='lat' dir='ltr'>et</span> <span class='ocrx_word' id='word_1_318' title='bbox 832 3443 1017 3528; x_wconf 89' lang='lat' dir='ltr'>sepulturae</span> <span class='ocrx_word' id='word_1_319' title='bbox 1040 3444 1168 3512; x_wconf 87' lang='lat' dir='ltr'>demon-</span> 
     </span>
    </p>
   </div>
   <div class='ocr_carea' id='block_1_4' title="bbox 0 0 1252 3936">
    <p class='ocr_par' dir='ltr' id='par_1_9' title="bbox 0 0 1252 3936">
     <span class='ocr_line' id='line_1_39' title="bbox 0 0 1252 3936; baseline 0 0"><span class='ocrx_word' id='word_1_320' title='bbox 0 0 1252 3936; x_wconf 95' lang='lat' dir='ltr'> </span> 
     </span>
    </p>
   </div>
  </div>
 </body>
</html>
