2476 3936
329 183 451 241 11811.
470 183 546 238 811.
566 191 678 240 18-81.
697 191 713 251 s
731 192 845 242 11-88.
1023 186 1088 251 323

82 350 122 392 ea
143 328 277 394 fortuna
296 328 424 413 populi,
451 347 536 413 quac
555 330 664 413 posita
690 335 742 394 cst
766 330 802 395 in
827 330 936 414 unius,
962 334 1000 395 ut
1023 330 1088 395 dixi

82 420 189 500 antea,
211 417 257 482 cel
279 418 448 482 voluntate
470 418 522 481 rol
544 417 698 482 moribus.
716 461 720 472 ·
739 461 764 470 -·

148 503 255 580 Quare
281 505 387 590 prima
414 505 459 569 sit
485 505 564 569 haec
589 505 697 574 forma
724 510 757 571 et
784 508 906 592 species
934 513 967 572 at
995 508 1088 593 origo
1098 473 1140 600 252

79 589 221 679 tylranni
243 593 377 658 inventa
397 593 493 657 nobis
515 593 551 656 in
573 613 613 658 aa
633 615 668 659 re
691 595 830 679 publica,
854 615 953 678 quam
975 598 1016 676 [p.
1038 612 1088 661 188

55 680 251 764 rauspicato
275 680 433 748 Romulus
457 681 648 764 condiderit,
675 702 741 746 non
764 684 799 746 in
820 680 892 766 illc,
919 705 1030 767 quam,
1052 689 1089 748 ut

79 769 273 854 perscripsit
294 768 404 852 Plato,
433 767 591 854 sibiipsa
614 767 762 834 Socrates
785 771 951 856 tripertito
973 772 1033 836 illo
1055 773 1089 838 in

80 878 231 922 sermone
255 857 447 942 depinxerit,
475 861 525 941 ut,
549 879 645 942 quem
668 858 709 922 ad
732 859 863 924 modum
886 858 1089 944 Tarquinium

78 967 147 1011 non
178 964 298 1010 novam
325 949 522 1030 potestatem
548 950 677 1029 nactus,
710 943 780 1029 sed,
812 968 912 1031 quarn
936 947 1089 1032 habebat,

78 1055 158 1099 usus
188 1033 308 1098 iniuste
337 1036 445 1097 totum
478 1053 579 1119 genus
606 1033 668 1098 hoc
695 1034 804 1120 regiae
831 1032 974 1100 civitatis
1002 1057 1089 1101 ever-

43 1121 175 1206 rcterit3
203 1121 248 1186 sit
273 1115 348 1186 linio
375 1122 544 1207 oppositus
568 1122 664 1205 alter,
691 1122 796 1186 bonus
818 1126 851 1187 ct
876 1123 880 1205 l
905 1145 953 1188 sa·
976 1127 1017 1204 [p.
1038 1141 1089 1189 188

78 1211 173 1296 piens
204 1214 238 1274 et
265 1209 390 1295 peritus
419 1208 573 1274 utilitatis
589 1210 837 1295 'dignitatisque
864 1209 969 1276 civilis
996 1214 1089 1296 quasi

78 1303 172 1364 tutor
195 1302 231 1363 et
251 1301 443 1382 procurator
464 1298 512 1362 rei
534 1299 696 1384 publicam
720 1299 766 1364 sie
789 1299 874 1364 enim
898 1301 1089 1385 appelletur,

79 1388 275 1472 quicumque
300 1386 363 1450 erit
384 1390 491 1451 rector
514 1390 547 1449 et
570 1387 769 1472 gubernator
791 1387 942 1452 civitatis.
987 1387 1088 1464 Quem

78 1477 187 1541 virum
214 1473 313 1540 facite
339 1478 378 1538 ut
400 1475 599 1560 agnoscatis3
626 1477 727 1538 esest
750 1475 849 1559 enim,
876 1477 931 1560 qui
954 1478 1088 1542 consilio

44 1585 66 1625 u
80 1568 114 1630 et
132 1585 235 1650 opera
252 1563 416 1628 civitatem
434 1562 519 1627 tueri
537 1565 655 1648 potest.
690 1561 782 1638 Quod
800 1564 953 1647 quoniam
970 1586 1089 1630 nomen

80 1653 189 1717 minus
221 1655 273 1715 est
304 1647 408 1716 adhuc
438 1651 554 1716 tritum
582 1671 730 1716 sermone
757 1655 869 1716 nostro
896 1652 1088 1737 saepiusque

79 1761 183 1826 genus
221 1740 290 1804 eius
324 1739 466 1804 hominis
500 1739 563 1803 erit
592 1739 627 1803 in
658 1738 784 1822 reliqua
814 1738 911 1805 nobis
942 1741 1088 1806 oratione

78 1829 296 1894 tractandum.
311 1878 318 1891 .
334 1877 362 1892 ..

288 1951 528 2033 [Desidercatcr
545 1951 681 2034 popinae
702 1951 880 2034 duodecim]

153 2078 295 2123 ....sas
321 2055 492 2140 requisivit
519 2055 749 2140 civitatemque
776 2058 951 2142 optandam
975 2061 1016 2140 [p.
1038 2075 1086 2124 181
1098 2031 1141 2160 {2

45 2145 188 2232 armagis
212 2167 310 2230 quam
333 2143 540 2230 sperandam,
568 2166 666 2229 quam
689 2145 857 2210 minimam
879 2147 1001 2232 potuit,
1023 2168 1089 2213 non

80 2257 164 2319 quae
183 2237 296 2318 posset
314 2254 394 2316 esse,
417 2231 526 2297 sedin
545 2255 609 2318 qua
627 2233 713 2298 ratio
731 2255 839 2300 rerum
858 2235 1001 2300 civilium
1020 2257 1089 2322 per·

80 2323 164 2409 spici
186 2325 311 2407 posset,
334 2320 447 2386 effecit.
492 2319 565 2406 llgo
589 2324 709 2405 autem,
731 2321 759 2386 si
781 2324 874 2406 [quo]
898 2324 994 2389 modo
1018 2345 1089 2389 con-

80 2411 175 2496 sequi
196 2413 342 2495 potuero,
364 2408 546 2473 rationibus
570 2409 704 2492 eisdem,
727 2431 807 2493 quas
831 2410 888 2475 ille
910 2411 1001 2494 vidit,
1023 2433 1088 2476 non

79 2501 114 2565 in
141 2499 259 2564 umbra
286 2502 320 2562 et
345 2497 488 2583 imagine
511 2495 666 2579 civitatis,
695 2497 750 2561 red
773 2497 807 2562 in
830 2498 1032 2583 amplissima
1054 2522 1089 2564 re

44 2587 214 2675 republica
243 2586 361 2670 enitar,
393 2589 430 2650 ut
457 2585 610 2670 cuiusque
637 2588 670 2649 et
696 2584 774 2650 boni
800 2586 923 2670 publici
950 2590 983 2650 et
1010 2588 1089 2652 mali

79 2697 215 2742 causam
234 2678 403 2759 tamquam
420 2674 550 2759 virgula
567 2673 678 2738 videar
697 2673 866 2759 attingere.
888 2673 892 2755 Ι
911 2673 957 2738 Iis
980 2677 1022 2754 [p.
1039 2691 1089 2740 188

80 2765 169 2830 enim
192 2761 291 2849 regiis
315 2761 531 2848 quadraginta
554 2763 647 2826 annis
671 2764 704 2825 et
727 2761 872 2826 ducentis
895 2761 992 2847 paulo
1016 2785 1088 2828 cum

79 2850 277 2938 interregnis
309 2850 377 2915 fere
407 2851 547 2934 amplius
574 2848 760 2936 praeteritis
788 2850 985 2935 expulsoque
1012 2849 1088 2916 Tar-

81 2940 193 3028 quinio
221 2942 350 3004 tantum
373 2937 482 3002 odium
504 2937 661 3024 populum
684 2936 867 3002 Romanum
890 2938 1010 3024 regalis
1032 2960 1088 3004 no·

44 3045 67 3086 ³0
80 3029 179 3094 minis
206 3027 324 3111 tenuit,
351 3031 509 3112 quantum
536 3030 685 3092 tenuerat
710 3030 788 3111 post
810 3025 936 3091 obitum
958 3028 1010 3092 vel
1033 3049 1088 3112 po·

79 3117 147 3182 tius
184 3137 350 3181 excessum
381 3113 513 3180 Romuli
549 3114 750 3179 desiderium.
799 3113 913 3199 Itaque
949 3118 986 3178 ut
1017 3118 1088 3179 tum

80 3227 191 3272 carere
219 3225 308 3290 rege,
335 3203 381 3293 sic
408 3203 503 3287 pulso
527 3200 702 3286 Tarquinio
725 3222 844 3268 nomen
866 3201 953 3287 regis
977 3200 1088 3267 audire

79 3315 147 3360 non
169 3295 308 3378 poterat.
349 3289 412 3356 Hic
434 3289 625 3356 facultatem
647 3313 734 3356 curn.
749 3341 757 3355 .
772 3340 801 3356 ..

304 3395 542 3478 [Daidaaaar
558 3399 694 3480 popinae
714 3397 867 3477 sedecim]

148 3504 252 3574 (tare
283 3505 320 3568 de
349 3523 383 3568 rc
406 3501 493 3586 pull.
521 3502 571 3567 lala
598 3502 655 3566 II:
686 3501 801 3586 Itaque
819 3501 892 3658 allia
920 3501 1087 3586 praeclara
1097 3479 1137 3604 {l
