2476 3936
187 182 251 248 308
543 181 591 236 nn
611 179 659 234 nn
676 177 832 235 Poenos

186 355 213 406 p.
235 328 298 406 157]
323 329 359 389 ut
386 325 420 390 in
448 346 564 410 agrum
586 324 781 391 Rutulorum
805 321 1092 412 Aboriginnmane
1118 348 1182 411 pro·

187 413 322 498 cederet,
345 418 402 477 aut
424 413 460 478 in
482 413 566 478 ostio
590 412 751 497 Tiberino,
776 435 871 498 quem
893 413 928 478 in
950 414 1056 480 locum
1079 414 1182 479 multis

186 506 262 588 post
290 502 383 566 annis
410 523 466 567 rex
489 500 598 567 Ancus
626 501 788 567 coloniam
816 501 960 586 deduxit,
988 503 1100 567 urbem
1122 502 1183 588 ipse

187 590 352 674 conderet,
376 589 431 655 sed
454 589 516 655 hoc
538 591 589 654 vir
612 590 782 658 excellenti
804 590 1010 674 providentia
1032 591 1132 656 sensit
1153 613 1184 656 ac

187 678 281 762 vidit,
310 699 376 743 non
402 699 473 743 esse
500 679 770 763 oportunissimos
799 679 880 743 situs
904 679 1086 745 maritimos
1108 680 1213 745 urbi-⁵

187 767 248 831 bus
271 766 327 850 eis,
351 789 432 850 quae
456 766 497 832 ad
515 788 606 851 spem
625 767 847 831 diuturnitatis
865 767 1080 833 conderentur
1099 771 1185 853 atque

187 854 324 940 imperii,
347 855 489 939 primum
512 855 598 938 qnod
616 859 724 920 essent
742 855 840 920 urbes
859 857 1043 921 maritimae
1062 878 1128 922 non
1145 879 1185 923 so·

188 973 214 1024 p.
231 946 294 1024 1c8]
319 944 388 1007 lum
410 942 522 1007 multis
540 943 691 1027 periculis
710 944 898 1029 oppositae,
912 944 969 1009 sed
987 945 1089 1011 etiam
1104 943 1109 1032 Ι
1127 968 1185 1012 oae-

154 1045 171 1092 6
189 1032 244 1097 cis.
274 1030 360 1096 Nam
383 1035 472 1096 terra
489 1031 657 1097 continens
677 1033 833 1104 adventus
850 1031 997 1098 hostium
1014 1055 1083 1099 non
1100 1034 1185 1099 modo

189 1124 389 1205 expectatos,
422 1120 477 1184 sed
509 1118 608 1184 etiam
640 1119 826 1206 repentinos
858 1121 972 1186 multis
1003 1123 1133 1188 indiciis
1159 1127 1214 1187 etn

189 1208 282 1292 quasi
308 1207 438 1293 fragore
468 1209 607 1292 quodam
630 1211 663 1272 et
686 1208 795 1272 sonitu
817 1208 889 1293 ipso
913 1213 989 1274 ante
1013 1210 1186 1293 denuntiat

187 1318 291 1378 neque
322 1317 399 1361 vero
433 1295 603 1380 quisquam
634 1299 743 1382 potest
773 1295 878 1361 hostis
912 1299 1068 1364 advolare
1100 1305 1186 1382 terra,

189 1384 267 1467 quin
289 1405 362 1448 oum
385 1404 452 1448 non
474 1384 569 1449 modo
593 1406 672 1469 asse,
696 1383 751 1448 sed
774 1385 873 1450 etiam
897 1386 969 1470 quis
988 1391 1022 1451 et
1040 1389 1126 1453 unda
1143 1388 1186 1470 sit,

189 1472 269 1536 scira
292 1471 462 1556 possimus.
497 1471 681 1537 Maritimus
703 1493 780 1538 vero
803 1473 859 1538 ille
883 1477 916 1539 et
937 1477 1069 1541 navalis
1092 1477 1186 1542 hostis

188 1562 263 1627 ante
296 1559 407 1624 adesse
438 1563 561 1645 potest,
593 1583 690 1645 quam
722 1561 893 1646 quisquam
922 1567 1100 1631 venturum
1126 1583 1213 1630 essen

187 1678 215 1729 p.
225 1651 288 1730 ror]
304 1648 461 1732 suspicari
476 1653 582 1734 queat,
595 1671 653 1714 nec
666 1670 752 1732 vero,
766 1671 839 1714 cum
853 1651 951 1735 venit,
965 1674 1046 1737 prae
1061 1675 1097 1720 se
1108 1651 1112 1742 l
1122 1655 1185 1737 fert

188 1741 245 1801 aut
268 1737 323 1821 qui
347 1737 390 1801 sit
413 1739 469 1802 ant
490 1737 574 1802 unde
596 1737 707 1803 veniat
728 1741 785 1802 aut
808 1738 907 1804 etiam
930 1740 1007 1824 quid
1031 1743 1123 1828 velit,
1144 1742 1186 1806 de

187 1826 285 1909 nique
306 1847 347 1890 ne
369 1828 448 1890 nota
471 1825 600 1909 quidem
617 1826 695 1909 ulla,
718 1828 852 1911 pacatus
872 1848 914 1891 an
932 1828 1041 1894 hostis
1061 1832 1116 1915 sit,
1134 1831 1185 1896 dis-

188 1913 275 1978 cerni
298 1935 335 1979 ac
357 1913 492 1978 iudicari
514 1917 632 1998 potest.

252 2000 315 2065 nst
338 2005 447 2066 autem
469 2002 641 2066 maritimis
665 2001 799 2068 urbibus
823 2004 923 2071 etiam
946 2007 1108 2090 quaedam
1127 2025 1213 2074 cor-n

187 2090 317 2173 ruptela
339 2111 377 2154 ac
400 2090 577 2155 demutatio
596 2112 736 2175 morum3
759 2092 976 2159 admiscentur
994 2097 1084 2162 enim
1101 2097 1185 2162 noris

188 2176 389 2241 sermonibus
417 2200 454 2244 aa
482 2178 659 2264 disciplinis
688 2183 720 2244 et
746 2179 954 2266 inportantur
980 2205 1049 2249 non
1073 2207 1185 2252 merces

187 2265 292 2329 solum
320 2264 532 2350 adventiciae,
560 2266 617 2331 sed
643 2268 741 2332 etiarn
769 2291 888 2355 mores,
915 2274 953 2335 ut
979 2271 1065 2337 nihil
1089 2274 1185 2360 possit

186 2381 213 2433 p.
235 2355 297 2433 168]
325 2353 360 2417 in
392 2354 508 2438 patriis
539 2355 699 2419 institutis
731 2378 861 2422 manere
893 2355 1078 2447 initegrum.
1123 2361 1185 2427 Iam

187 2442 242 2526 qui
268 2441 414 2506 incolunt
441 2463 496 2506 eas
523 2443 633 2527 urbes,
659 2465 725 2508 non
747 2444 883 2510 haerent
905 2446 939 2511 in
961 2448 1029 2512 suis
1055 2450 1184 2532 edibus,
1195 2465 1214 2505 2⁵

187 2530 243 2595 sed
260 2529 384 2594 volucri
402 2550 530 2615 semper
547 2551 604 2615 spe
618 2534 652 2595 et
665 2532 862 2618 cogitatione
876 2535 1049 2619 rapiuntur
1063 2562 1083 2602 a
1097 2539 1184 2604 domo

186 2617 330 2704 longius,
354 2621 452 2701 atque
475 2619 574 2684 etiam
596 2641 668 2684 cum
690 2624 823 2686 manent
845 2642 989 2707 corpore,
1011 2626 1123 2692 animo
1144 2630 1184 2691 ta-

186 2728 261 2770 men
287 2706 420 2770 exulant
447 2709 481 2771 et
507 2712 677 2793 vagantur.
717 2707 791 2774 'Neo
817 2731 894 2775 vero
916 2711 986 2776 ulla
1008 2735 1062 2778 res
1086 2715 1183 2800 magis

185 2792 417 2859 labefactatam
444 2793 499 2859 diu
525 2799 558 2859 et
585 2793 817 2882 Carthaginem
845 2802 878 2862 ct
900 2797 1097 2868 Corinthum
1122 2824 1184 2889 per·

185 2882 285 2945 vertit
307 2882 481 2966 aliquando
506 2905 603 2968 quam
625 2884 677 2948 hic
701 2906 791 2949 error
813 2907 851 2950 ac
873 2886 1044 2973 dissipatio
1063 2891 1212 2972 civisne

185 2997 211 3048 p.
227 2971 292 3049 aar]
312 2971 397 3053 quod
415 2972 577 3037 mercandi
595 2971 771 3057 cupiditate
791 2976 823 3038 et
841 2972 1026 3061 navilgandi
1045 2982 1079 3042 et
1098 3001 1183 3066 agro

150 3068 257 3122 stum
281 3061 314 3121 et
336 3079 500 3123 armorum
523 3060 646 3124 cultum
664 3061 871 3146 reliquerant.
906 3062 1012 3130 Multa
1030 3067 1183 3132 etiamad

184 3144 345 3210 luxuriam
376 3146 591 3212 invitamenta
619 3149 799 3233 perniciosa
826 3150 1012 3218 civitatibus
1041 3155 1182 3240 subpedi-

184 3237 296 3298 tantur
323 3233 419 3316 mari,
447 3255 529 3318 quac
550 3236 603 3300 vel
627 3237 796 3321 capiuntur
819 3238 871 3303 vel
894 3239 1114 3328 inportantur3
1141 3248 1182 3309 at

184 3343 245 3403 que
272 3320 372 3386 habet
400 3321 498 3386 etiam
526 3323 704 3389 amoenitas
730 3327 803 3411 ipsa
829 3326 882 3392 vel
904 3335 1112 3415 sumptuosas
1134 3331 1226 3418 vele,

184 3407 360 3471 desidiosas
389 3408 568 3473 inlecebras
597 3412 717 3477 multas
746 3413 966 3498 cupiditatum.
1011 3419 1068 3504 Et,
1101 3419 1179 3504 quod
1225 3419 1226 3502 ξ

183 3493 222 3556 dc
244 3492 402 3557 Corintho
434 3494 513 3579 dixi,
545 3497 578 3560 id
605 3497 692 3564 haud
720 3502 785 3566 scio
810 3523 856 3567 an
881 3504 978 3570 liceat
1005 3506 1044 3572 de
1069 3512 1179 3574 cuncta
1225 3503 1226 3506 '

147 1971 169 2096 t
