2470 3934
187 193 252 259 160
528 191 578 246 DE
596 190 839 248 DIVINATIONE

183 341 256 402 tum
279 335 344 402 nisi
365 354 491 402 summa
512 335 650 402 veritate
671 335 707 402 in
728 339 824 402 tanto
846 333 956 422 gloria
977 357 1045 402 non
1066 333 1196 402 fnisset.

183 423 298 490 Potest
326 427 436 490 autem
463 423 513 489 vis
542 423 601 489 illa
627 428 746 507 terrae,
776 445 859 508 quae
886 427 1030 490 mentem
1052 421 1196 508 Pythiae

183 511 293 578 divino
312 511 433 578 adflatu
450 512 643 594 concitabat,
660 511 830 578 evanuisse
848 515 1024 595 vetustate,
1041 514 1080 576 ut
1090 533 1196 596 *quos-

183 599 260 666 dam
287 600 455 664 evanuisse
481 603 515 664 et
537 600 700 664 exaruisse
723 621 835 666 amnes
858 603 916 665 aut
938 599 974 664 in
996 599 1099 667 alium
1124 622 1197 665 cur·

184 709 258 752 sum
280 690 447 752 contortos
470 691 503 751 et
525 687 664 756 deflexos
686 687 842 752 videmus.
878 684 951 770 Sed,
973 687 1090 770 utris,
1113 689 1197 752 acci-
1222 705 1234 746 s

185 774 282 859 derit,
314 793 434 860 magna
466 774 551 840 enim
582 774 729 858 quaestio
761 779 826 858 est,
857 775 953 841 modo
986 779 1122 840 maneat
1152 774 1198 860 id,

186 861 273 948 quod
297 862 412 948 negari
440 883 507 930 non
533 865 656 948 potest,
684 861 748 928 nisi
773 883 905 930 omnem
926 861 1102 928 historiam
1126 885 1198 949 per·

133 1001 177 1065 20
186 949 388 1035 verterimus,
411 949 524 1016 multis
548 950 662 1016 saeclis
685 969 783 1016 verax
804 949 907 1016 fuisse
930 950 964 1015 id
987 951 1168 1016 oraculum.

131 1079 168 1127 39
252 1035 315 1103 Sed
337 1038 526 1104 omittamus
550 1038 694 1121 oracula3
715 1037 883 1104 veniamus
907 1037 949 1104 ad
971 1037 1109 1104 somnia
1146 1038 1197 1104 De

187 1126 304 1210 quibus
331 1125 500 1211 disputans
524 1123 724 1210 Chrysippus
752 1125 866 1192 multis
894 1129 927 1192 et
950 1125 1086 1192 minutis
1110 1148 1196 1193 som·
1210 1146 1232 1186 u

185 1214 250 1280 niis
272 1212 463 1299 colligendis
485 1212 565 1278 facit
587 1214 681 1297 idem,
705 1213 791 1298 quod
808 1212 985 1299 Antipater
1007 1235 1048 1278 ea
1065 1215 1197 1300 conqui-

186 1321 271 1384 rens,
291 1321 374 1385 quae
391 1300 605 1385 Antiphontis
622 1300 892 1385 interpretatione
910 1301 1075 1386 explicata
1092 1301 1196 1368 decla·

186 1392 262 1455 rant
295 1388 355 1454 illa
385 1387 514 1472 quidem
545 1410 680 1455 acumen
709 1389 911 1474 interpretis,
948 1389 1005 1454 sed
1038 1389 1196 1476 exemplis

187 1476 414 1562 grandioribus
437 1475 544 1544 decuit
565 1476 622 1542 uti.
658 1475 809 1560 Dionysii
831 1480 945 1561 mater,
968 1477 1038 1544 eius
1062 1477 1120 1562 qui
1141 1473 1197 1562 Sy·

185 1564 385 1630 racosiorum
407 1567 565 1649 tyrannus
587 1563 659 1648 fuit,
681 1568 719 1629 ut
736 1565 894 1650 scriptum
912 1565 999 1650 apud
1017 1563 1196 1632 Philistum
1210 1583 1231 1624 ιε

187 1655 252 1736 est,
283 1656 317 1718 et
344 1653 474 1718 doctum
500 1651 664 1718 hominem
691 1655 725 1716 et
751 1652 942 1738 diligentem
969 1656 1004 1718 et
1027 1655 1197 1737 aequalem

187 1744 371 1825 temporum
398 1740 543 1823 illorum,
570 1762 643 1806 cum
670 1760 853 1826 praegnans
880 1740 967 1806 hunc
987 1741 1098 1826 ipsum
1121 1739 1198 1807 Dio

186 1829 317 1981 {llll
344 1827 1197 2001 “ltstttttt:tlltltitpttlttitn

187 2006 258 2068 tum
276 2003 311 2067 in
329 1999 440 2068 Sicilia
456 2002 718 2085 nominabantur,
739 1965 984 2088 responderint,
1002 2007 1044 2069 ut
1059 2005 1109 2070 ait
1123 2003 1196 2070 Phi·
1208 2023 1229 2062 ²⁰

187 2091 293 2173 lictus,
311 2111 393 2174 eum,
411 2112 506 2174 quem
523 2091 584 2155 illa
597 2089 787 2176 peperisset,
805 2091 1026 2158 clarissimum
1040 2089 1196 2159 Graeciae

134 2190 169 2239 40
188 2178 339 2244 diuturna
357 2199 429 2244 cum
447 2178 580 2243 fortuna
596 2177 675 2243 fore.
710 2176 798 2242 Num
816 2181 849 2243 te
868 2178 910 2245 ad
926 2179 1058 2245 fabulas
1079 2201 1196 2246 revoco

187 2266 241 2331 vel
257 2269 443 2332 nostrorum
461 2266 513 2330 rel
528 2264 725 2331 Graecorum
742 2267 934 2351 poetarum?
966 2265 1093 2332 Narrat
1112 2269 1197 2334 enim
1233 2249 1234 2293 ¹

189 2358 222 2420 et
245 2353 330 2438 apud
352 2352 495 2419 Ennium
516 2351 661 2418 Vestalis
684 2352 755 2418 illa:

231 2441 366 2508 Eccita
401 2462 484 2506 cum
519 2439 699 2506 tremulis
732 2462 825 2506 anus
857 2443 998 2507 attulit
1030 2445 1229 2510 artubuse

963 2531 1096 2596 lumen

231 2615 349 2681 Talia
393 2619 473 2680 tum
517 2618 703 2680 memorat
746 2615 957 2682 lacrimans
1003 2581 1197 2685 exteirita

960 2726 1110 2772 somno:

232 2790 445 2874 ‘Eurydica
489 2792 702 2876 prognata,
746 2795 858 2876 pater
903 2813 1016 2876 quam
1061 2799 1198 2860 noster

946 2881 1097 2947 amarit
1231 2883 1232 2938 ἒ

229 2963 345 3031 Vires
385 2965 544 3050 vitaque
580 2985 719 3050 corpus
755 2986 877 3032 meum
912 2988 1011 3034 nunc
1048 2932 1197 3036 deierit
1231 2939 1232 2993 ¹

932 3077 936 3082 ·
988 3077 1111 3123 omne.

228 3139 327 3208 Nam
363 3160 419 3204 me
454 3139 561 3204 visus
597 3139 708 3206 homo
745 3139 906 3225 pulcher
936 3163 1005 3228 per
1037 3165 1197 3212 amoena

962 3229 1111 3299 salicta

230 3315 280 3382 Et
302 3315 407 3401 ripas
430 3317 589 3400 raptare
611 3314 795 3399 locosque
816 3337 952 3401 nov0s3
976 3316 1034 3382 ita
1057 3317 1147 3386 sola
1207 3281 1231 3374 ”i

230 3403 416 3486 Postilla,
439 3423 621 3488 germana
643 3423 767 3486 soror,
789 3423 920 3470 errare
942 3403 1110 3473 videbar

228 3489 636 3575 Tardaqnevestigare
650 3493 689 3554 et
700 3511 884 3574 quaerere
895 3495 1067 3578 teneque
1080 3513 1194 3580 posse
1229 3537 1230 3624 p
