<?xml version="1.0" encoding="UTF-8"?>
<!DOCTYPE html PUBLIC "-//W3C//DTD XHTML 1.0 Transitional//EN"
    "http://www.w3.org/TR/xhtml1/DTD/xhtml1-transitional.dtd">
<html xmlns="http://www.w3.org/1999/xhtml" xml:lang="en" lang="en">
 <head>
  <title>
</title>
<meta http-equiv="Content-Type" content="text/html;charset=utf-8" />
  <meta name='ocr-system' content='tesseract 3.04.00' />
  <meta name='ocr-capabilities' content='ocr_page ocr_carea ocr_par ocr_line ocrx_word'/>
</head>
<body>
  <div class='ocr_page' id='page_1' title='image "./mtulliiciceroni03mlgoog_0222.png"; bbox 0 0 2458 3934; ppageno 0'>
   <div class='ocr_carea' id='block_1_1' title="bbox 279 185 1040 252">
    <p class='ocr_par' dir='ltr' id='par_1_1' title="bbox 279 185 1040 252">
     <span class='ocr_line' id='line_1_1' title="bbox 279 185 1040 252; baseline 0.013 -11"><span class='ocrx_word' id='word_1_1' title='bbox 279 186 348 241; x_wconf 71' lang='grc' dir='ltr'>ΜΒ.</span> <span class='ocrx_word' id='word_1_2' title='bbox 367 187 388 244; x_wconf 89' lang='lat'>1.</span> <span class='ocrx_word' id='word_1_3' title='bbox 412 186 487 241; x_wconf 82' lang='lat' dir='ltr'>uAP.</span> <span class='ocrx_word' id='word_1_4' title='bbox 507 192 619 242; x_wconf 83' lang='lat' dir='ltr'>ae-co.</span> <span class='ocrx_word' id='word_1_5' title='bbox 638 192 653 252; x_wconf 75' lang='lat' dir='ltr'>s</span> <span class='ocrx_word' id='word_1_6' title='bbox 672 191 786 242; x_wconf 80' lang='lat' dir='ltr'>ae-cr.</span> <span class='ocrx_word' id='word_1_7' title='bbox 975 185 1040 251; x_wconf 86' lang='lat'>169</span> 
     </span>
    </p>
   </div>
   <div class='ocr_carea' id='block_1_2' title="bbox 20 321 1101 3494">
    <p class='ocr_par' dir='ltr' id='par_1_2' title="bbox 20 321 1101 3494">
     <span class='ocr_line' id='line_1_2' title="bbox 61 321 1041 416; baseline 0.001 -23"><span class='ocrx_word' id='word_1_8' title='bbox 61 333 289 416; x_wconf 86' lang='lat' dir='ltr'>saturataque</span> <span class='ocrx_word' id='word_1_9' title='bbox 312 321 498 395; x_wconf 83' lang='lat' dir='ltr'>bonarum</span> <span class='ocrx_word' id='word_1_10' title='bbox 516 330 801 416; x_wconf 68' lang='lat' dir='ltr'>cogitationum</span> <span class='ocrx_word' id='word_1_11' title='bbox 820 329 959 416; x_wconf 91' lang='lat' dir='ltr'>epulis,</span> <span class='ocrx_word' id='word_1_12' title='bbox 982 351 1041 395; x_wconf 90' lang='lat' dir='ltr'>ea·</span> 
     </span>
     <span class='ocr_line' id='line_1_3' title="bbox 61 419 1040 504; baseline 0.001 -22"><span class='ocrx_word' id='word_1_13' title='bbox 61 439 116 500; x_wconf 92' lang='lat' dir='ltr'>que</span> <span class='ocrx_word' id='word_1_14' title='bbox 143 423 247 504; x_wconf 90' lang='lat' dir='ltr'>parte</span> <span class='ocrx_word' id='word_1_15' title='bbox 280 419 413 502; x_wconf 90' lang='lat' dir='ltr'>animi,</span> <span class='ocrx_word' id='word_1_16' title='bbox 444 439 539 502; x_wconf 90' lang='lat' dir='ltr'>quae</span> <span class='ocrx_word' id='word_1_17' title='bbox 570 419 775 504; x_wconf 87' lang='lat' dir='ltr'>voluptate</span> <span class='ocrx_word' id='word_1_18' title='bbox 807 419 941 502; x_wconf 86' lang='lat' dir='ltr'>alitur,</span> <span class='ocrx_word' id='word_1_19' title='bbox 972 440 1040 483; x_wconf 90' lang='lat' dir='ltr'>nec</span> 
     </span>
     <span class='ocr_line' id='line_1_4' title="bbox 28 503 1040 592; baseline 0.001 -23"><span class='ocrx_word' id='word_1_20' title='bbox 28 575 32 590; x_wconf 35' lang='lat'><strong><em>¹</em></strong></span> <span class='ocrx_word' id='word_1_21' title='bbox 59 505 168 590; x_wconf 89' lang='lat' dir='ltr'>inopia</span> <span class='ocrx_word' id='word_1_22' title='bbox 193 509 327 572; x_wconf 84' lang='lat' dir='ltr'>enecta</span> <span class='ocrx_word' id='word_1_23' title='bbox 352 527 420 572; x_wconf 90' lang='lat' dir='ltr'>nec</span> <span class='ocrx_word' id='word_1_24' title='bbox 447 506 634 571; x_wconf 89' lang='lat' dir='ltr'>satietate</span> <span class='ocrx_word' id='word_1_25' title='bbox 657 507 843 573; x_wconf 83' lang='lat' dir='ltr'><strong>affluenti</strong></span> <span class='ocrx_word' id='word_1_26' title='bbox 866 503 1040 592; x_wconf 86' lang='lat' dir='ltr'>(quorum</span> 
     </span>
     <span class='ocr_line' id='line_1_5' title="bbox 58 593 1040 680; baseline 0.002 -24"><span class='ocrx_word' id='word_1_27' title='bbox 58 597 235 678; x_wconf 87' lang='lat' dir='ltr'>utrumque</span> <span class='ocrx_word' id='word_1_28' title='bbox 271 593 564 680; x_wconf 70' lang='lat' dir='ltr'>praestringere</span> <span class='ocrx_word' id='word_1_29' title='bbox 600 595 720 661; x_wconf 90' lang='lat' dir='ltr'>aciem</span> <span class='ocrx_word' id='word_1_30' title='bbox 753 595 894 661; x_wconf 90' lang='lat' dir='ltr'>mentis</span> <span class='ocrx_word' id='word_1_31' title='bbox 925 596 1040 678; x_wconf 89' lang='lat' dir='ltr'>solet,</span> 
     </span>
     <span class='ocr_line' id='line_1_6' title="bbox 40 682 1040 768; baseline 0.007 -27"><span class='ocrx_word' id='word_1_32' title='bbox 40 682 122 746; x_wconf 77' lang='lat' dir='ltr'>rsive</span> <span class='ocrx_word' id='word_1_33' title='bbox 146 683 251 747; x_wconf 88' lang='lat' dir='ltr'>deest</span> <span class='ocrx_word' id='word_1_34' title='bbox 277 686 440 748; x_wconf 88' lang='lat' dir='ltr'>naturae</span> <span class='ocrx_word' id='word_1_35' title='bbox 469 683 665 768; x_wconf 83' lang='lat' dir='ltr'>quippiam</span> <span class='ocrx_word' id='word_1_36' title='bbox 687 683 768 748; x_wconf 90' lang='lat' dir='ltr'>sive</span> <span class='ocrx_word' id='word_1_37' title='bbox 792 683 962 748; x_wconf 88' lang='lat' dir='ltr'>abundat</span> <span class='ocrx_word' id='word_1_38' title='bbox 985 686 1040 748; x_wconf 90' lang='lat' dir='ltr'>at-</span> 
     </span>
     <span class='ocr_line' id='line_1_7' title="bbox 57 767 1042 856; baseline 0.002 -23"><span class='ocrx_word' id='word_1_39' title='bbox 57 791 112 852; x_wconf 91' lang='lat' dir='ltr'>quc</span> <span class='ocrx_word' id='word_1_40' title='bbox 136 767 300 856; x_wconf 84' lang='lat' dir='ltr'>affluit),</span> <span class='ocrx_word' id='word_1_41' title='bbox 327 771 400 834; x_wconf 90' lang='lat' dir='ltr'>illa</span> <span class='ocrx_word' id='word_1_42' title='bbox 427 773 542 835; x_wconf 87' lang='lat' dir='ltr'>etiam</span> <span class='ocrx_word' id='word_1_43' title='bbox 569 772 690 836; x_wconf 87' lang='lat' dir='ltr'>tertia</span> <span class='ocrx_word' id='word_1_44' title='bbox 711 775 822 856; x_wconf 88' lang='lat' dir='ltr'>parte</span> <span class='ocrx_word' id='word_1_45' title='bbox 846 772 976 855; x_wconf 88' lang='lat' dir='ltr'>animi,</span> <span class='ocrx_word' id='word_1_46' title='bbox 1002 771 1042 835; x_wconf 89' lang='lat' dir='ltr'>in</span> 
     </span>
     <span class='ocr_line' id='line_1_8' title="bbox 57 858 1041 946; baseline 0 -24"><span class='ocrx_word' id='word_1_47' title='bbox 57 859 288 946; x_wconf 16' lang='lat' dir='ltr'>qualitatum</span> <span class='ocrx_word' id='word_1_48' title='bbox 324 858 461 922; x_wconf 83' lang='lat' dir='ltr'>existit</span> <span class='ocrx_word' id='word_1_49' title='bbox 497 858 622 943; x_wconf 85' lang='lat' dir='ltr'>ardor,</span> <span class='ocrx_word' id='word_1_50' title='bbox 664 860 797 924; x_wconf 88' lang='lat' dir='ltr'>sedata</span> <span class='ocrx_word' id='word_1_51' title='bbox 834 863 949 942; x_wconf 87' lang='lat' dir='ltr'>atque</span> <span class='ocrx_word' id='word_1_52' title='bbox 984 881 1041 935; x_wconf 82' lang='lat' dir='ltr'>re-</span> 
     </span>
     <span class='ocr_line' id='line_1_9' title="bbox 56 946 1041 1030; baseline 0.002 -23"><span class='ocrx_word' id='word_1_53' title='bbox 56 947 194 1030; x_wconf 89' lang='lat' dir='ltr'>stincta,</span> <span class='ocrx_word' id='word_1_54' title='bbox 223 951 303 1011; x_wconf 91' lang='lat' dir='ltr'>tum</span> <span class='ocrx_word' id='word_1_55' title='bbox 330 947 481 1011; x_wconf 90' lang='lat' dir='ltr'>eveniet</span> <span class='ocrx_word' id='word_1_56' title='bbox 507 946 655 1012; x_wconf 90' lang='lat' dir='ltr'>duabus</span> <span class='ocrx_word' id='word_1_57' title='bbox 680 947 796 1011; x_wconf 91' lang='lat' dir='ltr'>animi</span> <span class='ocrx_word' id='word_1_58' title='bbox 819 946 1041 1011; x_wconf 87' lang='lat' dir='ltr'>temerariis</span> 
     </span>
     <span class='ocr_line' id='line_1_10' title="bbox 54 1033 1041 1119; baseline 0.001 -22"><span class='ocrx_word' id='word_1_59' title='bbox 54 1035 215 1117; x_wconf 89' lang='lat' dir='ltr'>partibus</span> <span class='ocrx_word' id='word_1_60' title='bbox 239 1035 485 1119; x_wconf 79' lang='lat' dir='ltr'>compressis,</span> <span class='ocrx_word' id='word_1_61' title='bbox 507 1038 551 1100; x_wconf 92' lang='lat' dir='ltr'>ut</span> <span class='ocrx_word' id='word_1_62' title='bbox 571 1035 642 1100; x_wconf 88' lang='lat' dir='ltr'>illa</span> <span class='ocrx_word' id='word_1_63' title='bbox 664 1035 785 1100; x_wconf 86' lang='lat' dir='ltr'>tertia</span> <span class='ocrx_word' id='word_1_64' title='bbox 805 1055 898 1119; x_wconf 83' lang='lat' dir='ltr'>pars</span> <span class='ocrx_word' id='word_1_65' title='bbox 920 1033 1041 1098; x_wconf 88' lang='lat' dir='ltr'>ratio·</span> 
     </span>
     <span class='ocr_line' id='line_1_11' title="bbox 29 1122 1042 1209; baseline 0.001 -24"><span class='ocrx_word' id='word_1_66' title='bbox 29 1122 99 1186; x_wconf 80' lang='lat' dir='ltr'>unis</span> <span class='ocrx_word' id='word_1_67' title='bbox 126 1126 162 1186; x_wconf 90' lang='lat' dir='ltr'>et</span> <span class='ocrx_word' id='word_1_68' title='bbox 190 1123 331 1187; x_wconf 89' lang='lat' dir='ltr'>mentis</span> <span class='ocrx_word' id='word_1_69' title='bbox 362 1124 513 1188; x_wconf 86' lang='lat' dir='ltr'>eluceat</span> <span class='ocrx_word' id='word_1_70' title='bbox 543 1127 581 1187; x_wconf 91' lang='lat' dir='ltr'>et</span> <span class='ocrx_word' id='word_1_71' title='bbox 611 1144 649 1188; x_wconf 91' lang='lat' dir='ltr'>se</span> <span class='ocrx_word' id='word_1_72' title='bbox 676 1126 854 1209; x_wconf 88' lang='lat' dir='ltr'>vegetam</span> <span class='ocrx_word' id='word_1_73' title='bbox 877 1122 923 1188; x_wconf 89' lang='lat' dir='ltr'>ad</span> <span class='ocrx_word' id='word_1_74' title='bbox 946 1144 1042 1187; x_wconf 90' lang='lat' dir='ltr'>som·</span> 
     </span>
     <span class='ocr_line' id='line_1_12' title="bbox 55 1209 1042 1296; baseline 0.002 -24"><span class='ocrx_word' id='word_1_75' title='bbox 55 1209 216 1276; x_wconf 86' lang='lat' dir='ltr'>niandum</span> <span class='ocrx_word' id='word_1_76' title='bbox 240 1231 440 1295; x_wconf 88' lang='lat' dir='ltr'>acremque</span> <span class='ocrx_word' id='word_1_77' title='bbox 456 1211 657 1296; x_wconf 87' lang='lat' dir='ltr'>praebeat,</span> <span class='ocrx_word' id='word_1_78' title='bbox 680 1215 759 1278; x_wconf 90' lang='lat' dir='ltr'>tum</span> <span class='ocrx_word' id='word_1_79' title='bbox 784 1211 819 1276; x_wconf 87' lang='lat' dir='ltr'>ei</span> <span class='ocrx_word' id='word_1_80' title='bbox 837 1211 920 1276; x_wconf 87' lang='lat' dir='ltr'>visa</span> <span class='ocrx_word' id='word_1_81' title='bbox 938 1211 1042 1295; x_wconf 91' lang='lat' dir='ltr'>quic·</span> 
     </span>
     <span class='ocr_line' id='line_1_13' title="bbox 55 1297 1042 1385; baseline 0.005 -26"><span class='ocrx_word' id='word_1_82' title='bbox 55 1297 94 1362; x_wconf 88' lang='lat' dir='ltr'>tis</span> <span class='ocrx_word' id='word_1_83' title='bbox 118 1301 320 1364; x_wconf 89' lang='lat' dir='ltr'>occurrent</span> <span class='ocrx_word' id='word_1_84' title='bbox 347 1299 564 1384; x_wconf 86' lang='lat' dir='ltr'>tranquilla</span> <span class='ocrx_word' id='word_1_85' title='bbox 591 1303 705 1385; x_wconf 89' lang='lat' dir='ltr'>atque</span> <span class='ocrx_word' id='word_1_86' title='bbox 732 1299 906 1365; x_wconf 67' lang='lat' dir='ltr'>veracia?</span> <span class='ocrx_word' id='word_1_87' title='bbox 951 1297 1042 1364; x_wconf 87' lang='lat' dir='ltr'>Haec</span> 
     </span>
     <span class='ocr_line' id='line_1_14' title="bbox 54 1386 574 1472; baseline 0.008 -24"><span class='ocrx_word' id='word_1_88' title='bbox 54 1387 136 1451; x_wconf 86' lang='lat' dir='ltr'>verba</span> <span class='ocrx_word' id='word_1_89' title='bbox 157 1387 231 1472; x_wconf 90' lang='lat' dir='ltr'>ipsa</span> <span class='ocrx_word' id='word_1_90' title='bbox 253 1386 401 1452; x_wconf 87' lang='lat' dir='ltr'>Platonis</span> <span class='ocrx_word' id='word_1_91' title='bbox 424 1387 574 1472; x_wconf 85' lang='lat' dir='ltr'>expressi.</span> 
     </span>
     <span class='ocr_line' id='line_1_15' title="bbox 105 1457 1098 1583; baseline 0.002 -45"><span class='ocrx_word' id='word_1_92' title='bbox 105 1473 280 1560; x_wconf 82' lang='lat' dir='ltr'>Epicurum</span> <span class='ocrx_word' id='word_1_93' title='bbox 307 1474 409 1560; x_wconf 87' lang='lat' dir='ltr'>igitur</span> <span class='ocrx_word' id='word_1_94' title='bbox 437 1475 601 1541; x_wconf 89' lang='lat' dir='ltr'>audiemus</span> <span class='ocrx_word' id='word_1_95' title='bbox 625 1476 757 1561; x_wconf 81' lang='lat' dir='ltr'>potius?</span> <span class='ocrx_word' id='word_1_96' title='bbox 792 1475 943 1560; x_wconf 88' lang='lat' dir='ltr'>Namque</span> <span class='ocrx_word' id='word_1_97' title='bbox 966 1457 1098 1583; x_wconf 57' lang='lat' dir='ltr'>Car-{2</span> 
     </span>
     <span class='ocr_line' id='line_1_16' title="bbox 28 1562 1043 1647; baseline 0.002 -23"><span class='ocrx_word' id='word_1_98' title='bbox 28 1562 154 1627; x_wconf 78' lang='lat' dir='ltr'>uueades</span> <span class='ocrx_word' id='word_1_99' title='bbox 190 1562 439 1628; x_wconf 88' lang='lat' dir='ltr'>concertationis</span> <span class='ocrx_word' id='word_1_100' title='bbox 471 1564 579 1628; x_wconf 90' lang='lat' dir='ltr'>studio</span> <span class='ocrx_word' id='word_1_101' title='bbox 606 1565 702 1628; x_wconf 92' lang='lat' dir='ltr'>modo</span> <span class='ocrx_word' id='word_1_102' title='bbox 730 1563 806 1647; x_wconf 91' lang='lat' dir='ltr'>hoc,</span> <span class='ocrx_word' id='word_1_103' title='bbox 838 1564 933 1628; x_wconf 88' lang='lat' dir='ltr'>modo</span> <span class='ocrx_word' id='word_1_104' title='bbox 960 1563 1043 1627; x_wconf 91' lang='lat' dir='ltr'>illud</span> 
     </span>
     <span class='ocr_line' id='line_1_17' title="bbox 54 1648 1043 1734; baseline 0.004 -23"><span class='ocrx_word' id='word_1_105' title='bbox 54 1648 101 1733; x_wconf 87' lang='lat' dir='ltr'>ait;</span> <span class='ocrx_word' id='word_1_106' title='bbox 120 1650 184 1734; x_wconf 90' lang='lat' dir='ltr'>ille,</span> <span class='ocrx_word' id='word_1_107' title='bbox 208 1651 294 1734; x_wconf 91' lang='lat' dir='ltr'>quod</span> <span class='ocrx_word' id='word_1_108' title='bbox 318 1651 430 1734; x_wconf 82' lang='lat' dir='ltr'>sentit3</span> <span class='ocrx_word' id='word_1_109' title='bbox 453 1651 553 1716; x_wconf 85' lang='lat' dir='ltr'>sentit</span> <span class='ocrx_word' id='word_1_110' title='bbox 576 1654 685 1716; x_wconf 90' lang='lat' dir='ltr'>autem</span> <span class='ocrx_word' id='word_1_111' title='bbox 706 1651 791 1715; x_wconf 89' lang='lat' dir='ltr'>nihil</span> <span class='ocrx_word' id='word_1_112' title='bbox 808 1672 964 1733; x_wconf 90' lang='lat' dir='ltr'>umquam</span> <span class='ocrx_word' id='word_1_113' title='bbox 982 1651 1043 1716; x_wconf 89' lang='lat' dir='ltr'>ele-</span> 
     </span>
     <span class='ocr_line' id='line_1_18' title="bbox 54 1737 1044 1824; baseline 0 -23"><span class='ocrx_word' id='word_1_114' title='bbox 54 1757 132 1822; x_wconf 88' lang='lat' dir='ltr'>gans,</span> <span class='ocrx_word' id='word_1_115' title='bbox 162 1737 246 1802; x_wconf 91' lang='lat' dir='ltr'>nihil</span> <span class='ocrx_word' id='word_1_116' title='bbox 274 1737 433 1804; x_wconf 87' lang='lat' dir='ltr'>decorum.</span> <span class='ocrx_word' id='word_1_117' title='bbox 478 1737 572 1804; x_wconf 90' lang='lat' dir='ltr'>Hunc</span> <span class='ocrx_word' id='word_1_118' title='bbox 600 1759 678 1824; x_wconf 89' lang='lat' dir='ltr'>ergo</span> <span class='ocrx_word' id='word_1_119' title='bbox 707 1741 882 1823; x_wconf 87' lang='lat' dir='ltr'>antepones</span> <span class='ocrx_word' id='word_1_120' title='bbox 911 1738 1044 1803; x_wconf 91' lang='lat' dir='ltr'>Platoni</span> 
     </span>
     <span class='ocr_line' id='line_1_19' title="bbox 54 1821 1043 1910; baseline 0.004 -24"><span class='ocrx_word' id='word_1_121' title='bbox 54 1828 78 1887; x_wconf 90' lang='lat' dir='ltr'>et</span> <span class='ocrx_word' id='word_1_122' title='bbox 90 1821 233 1892; x_wconf 80' lang='lat' dir='ltr'>Socrati?</span> <span class='ocrx_word' id='word_1_123' title='bbox 258 1827 313 1910; x_wconf 90' lang='lat' dir='ltr'>qui</span> <span class='ocrx_word' id='word_1_124' title='bbox 330 1830 368 1891; x_wconf 92' lang='lat' dir='ltr'>ut</span> <span class='ocrx_word' id='word_1_125' title='bbox 385 1826 545 1891; x_wconf 88' lang='lat' dir='ltr'>rationem</span> <span class='ocrx_word' id='word_1_126' title='bbox 563 1848 629 1892; x_wconf 90' lang='lat' dir='ltr'>non</span> <span class='ocrx_word' id='word_1_127' title='bbox 647 1826 825 1910; x_wconf 85' lang='lat' dir='ltr'>redderent,</span> <span class='ocrx_word' id='word_1_128' title='bbox 849 1825 1043 1892; x_wconf 86' lang='lat' dir='ltr'>auctoritate</span> 
     </span>
     <span class='ocr_line' id='line_1_20' title="bbox 53 1913 1046 2000; baseline 0.003 -26"><span class='ocrx_word' id='word_1_129' title='bbox 53 1917 148 1979; x_wconf 86' lang='lat' dir='ltr'>tamen</span> <span class='ocrx_word' id='word_1_130' title='bbox 170 1915 231 1980; x_wconf 91' lang='lat' dir='ltr'>hos</span> <span class='ocrx_word' id='word_1_131' title='bbox 254 1915 398 1980; x_wconf 88' lang='lat' dir='ltr'>minutos</span> <span class='ocrx_word' id='word_1_132' title='bbox 421 1915 634 2000; x_wconf 90' lang='lat' dir='ltr'>philosophos</span> <span class='ocrx_word' id='word_1_133' title='bbox 658 1915 832 1980; x_wconf 88' lang='lat' dir='ltr'>vincerent.</span> <span class='ocrx_word' id='word_1_134' title='bbox 867 1913 963 1980; x_wconf 90' lang='lat' dir='ltr'>Iubet</span> <span class='ocrx_word' id='word_1_135' title='bbox 985 1913 1046 1999; x_wconf 86' lang='lat' dir='ltr'>igi-</span> 
     </span>
     <span class='ocr_line' id='line_1_21' title="bbox 27 2001 1047 2089; baseline 0.004 -27"><span class='ocrx_word' id='word_1_136' title='bbox 27 2004 94 2065; x_wconf 78' lang='lat' dir='ltr'>stur</span> <span class='ocrx_word' id='word_1_137' title='bbox 109 2001 204 2068; x_wconf 85' lang='lat' dir='ltr'>Plato</span> <span class='ocrx_word' id='word_1_138' title='bbox 224 2003 270 2068; x_wconf 93' lang='lat' dir='ltr'>sic</span> <span class='ocrx_word' id='word_1_139' title='bbox 288 2003 329 2067; x_wconf 89' lang='lat' dir='ltr'>ad</span> <span class='ocrx_word' id='word_1_140' title='bbox 347 2023 497 2068; x_wconf 89' lang='lat' dir='ltr'>somnum</span> <span class='ocrx_word' id='word_1_141' title='bbox 513 2002 674 2087; x_wconf 89' lang='lat' dir='ltr'>proficisci</span> <span class='ocrx_word' id='word_1_142' title='bbox 692 2003 881 2089; x_wconf 90' lang='lat' dir='ltr'>corporibus</span> <span class='ocrx_word' id='word_1_143' title='bbox 900 2002 1047 2086; x_wconf 83' lang='lat' dir='ltr'>adfectis,</span> 
     </span>
     <span class='ocr_line' id='line_1_22' title="bbox 52 2090 1046 2176; baseline 0.005 -25"><span class='ocrx_word' id='word_1_144' title='bbox 52 2093 80 2151; x_wconf 84' lang='lat' dir='ltr'>ut</span> <span class='ocrx_word' id='word_1_145' title='bbox 99 2090 179 2154; x_wconf 91' lang='lat' dir='ltr'>nihil</span> <span class='ocrx_word' id='word_1_146' title='bbox 203 2090 260 2174; x_wconf 90' lang='lat' dir='ltr'>sit,</span> <span class='ocrx_word' id='word_1_147' title='bbox 291 2091 376 2175; x_wconf 90' lang='lat' dir='ltr'>quod</span> <span class='ocrx_word' id='word_1_148' title='bbox 399 2112 540 2155; x_wconf 88' lang='lat' dir='ltr'>errorem</span> <span class='ocrx_word' id='word_1_149' title='bbox 564 2091 679 2155; x_wconf 90' lang='lat' dir='ltr'>animis</span> <span class='ocrx_word' id='word_1_150' title='bbox 703 2091 1046 2176; x_wconf 88' lang='lat' dir='ltr'>perturbationemque</span> 
     </span>
     <span class='ocr_line' id='line_1_23' title="bbox 53 2173 1047 2266; baseline 0.003 -25"><span class='ocrx_word' id='word_1_151' title='bbox 53 2173 171 2243; x_wconf 85' lang='lat' dir='ltr'>adferat.</span> <span class='ocrx_word' id='word_1_152' title='bbox 216 2177 266 2242; x_wconf 82' lang='lat' dir='ltr'>le</span> <span class='ocrx_word' id='word_1_153' title='bbox 297 2200 359 2262; x_wconf 93' lang='lat' dir='ltr'>quo</span> <span class='ocrx_word' id='word_1_154' title='bbox 390 2176 488 2243; x_wconf 89' lang='lat' dir='ltr'>ctiam</span> <span class='ocrx_word' id='word_1_155' title='bbox 515 2177 725 2266; x_wconf 83' lang='lat' dir='ltr'>Pythagoriis</span> <span class='ocrx_word' id='word_1_156' title='bbox 754 2179 961 2246; x_wconf 86' lang='lat' dir='ltr'>interdictum</span> <span class='ocrx_word' id='word_1_157' title='bbox 988 2203 1047 2264; x_wconf 93' lang='lat' dir='ltr'>pu·</span> 
     </span>
     <span class='ocr_line' id='line_1_24' title="bbox 52 2266 1045 2351; baseline 0.004 -24"><span class='ocrx_word' id='word_1_158' title='bbox 52 2267 140 2351; x_wconf 88' lang='lat' dir='ltr'>tatur,</span> <span class='ocrx_word' id='word_1_159' title='bbox 170 2288 212 2330; x_wconf 87' lang='lat' dir='ltr'>nc</span> <span class='ocrx_word' id='word_1_160' title='bbox 243 2266 321 2331; x_wconf 86' lang='lat' dir='ltr'>faba</span> <span class='ocrx_word' id='word_1_161' title='bbox 351 2269 570 2349; x_wconf 82' lang='lat' dir='ltr'>vescerentur,</span> <span class='ocrx_word' id='word_1_162' title='bbox 603 2267 689 2351; x_wconf 91' lang='lat' dir='ltr'>quod</span> <span class='ocrx_word' id='word_1_163' title='bbox 717 2267 818 2333; x_wconf 89' lang='lat' dir='ltr'>habet</span> <span class='ocrx_word' id='word_1_164' title='bbox 844 2267 1045 2332; x_wconf 89' lang='lat' dir='ltr'>inflationem</span> 
     </span>
     <span class='ocr_line' id='line_1_25' title="bbox 52 2353 1045 2440; baseline 0.002 -24"><span class='ocrx_word' id='word_1_165' title='bbox 52 2375 191 2440; x_wconf 87' lang='lat' dir='ltr'>nagnam</span> <span class='ocrx_word' id='word_1_166' title='bbox 214 2353 243 2418; x_wconf 92' lang='lat' dir='ltr'>is</span> <span class='ocrx_word' id='word_1_167' title='bbox 266 2353 355 2419; x_wconf 89' lang='lat' dir='ltr'>cibus</span> <span class='ocrx_word' id='word_1_168' title='bbox 380 2354 612 2438; x_wconf 86' lang='lat' dir='ltr'>tranquillitati</span> <span class='ocrx_word' id='word_1_169' title='bbox 636 2355 753 2420; x_wconf 87' lang='lat' dir='ltr'>mentis</span> <span class='ocrx_word' id='word_1_170' title='bbox 778 2355 946 2439; x_wconf 90' lang='lat' dir='ltr'>quaerenti</span> <span class='ocrx_word' id='word_1_171' title='bbox 968 2375 1045 2418; x_wconf 89' lang='lat' dir='ltr'>vcra</span> 
     </span>
     <span class='ocr_line' id='line_1_26' title="bbox 25 2441 1099 2527; baseline -0.001 -23"><span class='ocrx_word' id='word_1_172' title='bbox 25 2443 244 2507; x_wconf 68' lang='lat' dir='ltr'>monueram.</span> <span class='ocrx_word' id='word_1_173' title='bbox 289 2441 372 2507; x_wconf 83' lang='lat' dir='ltr'>Cum</span> <span class='ocrx_word' id='word_1_174' title='bbox 399 2463 476 2527; x_wconf 92' lang='lat' dir='ltr'>ergo</span> <span class='ocrx_word' id='word_1_175' title='bbox 505 2447 555 2507; x_wconf 87' lang='lat' dir='ltr'>est</span> <span class='ocrx_word' id='word_1_176' title='bbox 583 2464 696 2508; x_wconf 90' lang='lat' dir='ltr'>somno</span> <span class='ocrx_word' id='word_1_177' title='bbox 724 2446 893 2508; x_wconf 86' lang='lat' dir='ltr'>sevocatus</span> <span class='ocrx_word' id='word_1_178' title='bbox 918 2441 1043 2506; x_wconf 87' lang='lat' dir='ltr'>animus</span> <span class='ocrx_word' id='word_1_179' title='bbox 1064 2455 1099 2504; x_wconf 81' lang='lat'>63</span> 
     </span>
     <span class='ocr_line' id='line_1_27' title="bbox 52 2529 1046 2616; baseline 0.001 -25"><span class='ocrx_word' id='word_1_180' title='bbox 52 2531 242 2595; x_wconf 86' lang='lat' dir='ltr'>csocietate</span> <span class='ocrx_word' id='word_1_181' title='bbox 272 2533 305 2594; x_wconf 92' lang='lat' dir='ltr'>et</span> <span class='ocrx_word' id='word_1_182' title='bbox 334 2552 354 2594; x_wconf 88' lang='lat' dir='ltr'>a</span> <span class='ocrx_word' id='word_1_183' title='bbox 383 2530 575 2616; x_wconf 90' lang='lat' dir='ltr'>contagione</span> <span class='ocrx_word' id='word_1_184' title='bbox 606 2530 763 2616; x_wconf 89' lang='lat' dir='ltr'>corporis,</span> <span class='ocrx_word' id='word_1_185' title='bbox 797 2533 867 2594; x_wconf 85' lang='lat' dir='ltr'>tum</span> <span class='ocrx_word' id='word_1_186' title='bbox 897 2529 1046 2593; x_wconf 89' lang='lat' dir='ltr'>meminit</span> 
     </span>
     <span class='ocr_line' id='line_1_28' title="bbox 52 2616 1046 2702; baseline -0.001 -21"><span class='ocrx_word' id='word_1_187' title='bbox 52 2618 296 2701; x_wconf 86' lang='lat' dir='ltr'>praeteritorum,</span> <span class='ocrx_word' id='word_1_188' title='bbox 319 2617 502 2702; x_wconf 86' lang='lat' dir='ltr'>praesentia</span> <span class='ocrx_word' id='word_1_189' title='bbox 520 2620 631 2701; x_wconf 88' lang='lat' dir='ltr'>cernit,</span> <span class='ocrx_word' id='word_1_190' title='bbox 648 2618 760 2683; x_wconf 84' lang='lat' dir='ltr'>futura</span> <span class='ocrx_word' id='word_1_191' title='bbox 777 2617 940 2702; x_wconf 80' lang='lat' dir='ltr'>providet3</span> <span class='ocrx_word' id='word_1_192' title='bbox 962 2616 1046 2681; x_wconf 90' lang='lat' dir='ltr'>iacet</span> 
     </span>
     <span class='ocr_line' id='line_1_29' title="bbox 52 2705 1046 2791; baseline 0.002 -25"><span class='ocrx_word' id='word_1_193' title='bbox 52 2705 124 2770; x_wconf 89' lang='lat' dir='ltr'>enim</span> <span class='ocrx_word' id='word_1_194' title='bbox 156 2727 272 2791; x_wconf 85' lang='lat' dir='ltr'>corpus</span> <span class='ocrx_word' id='word_1_195' title='bbox 305 2705 493 2770; x_wconf 87' lang='lat' dir='ltr'>dormientis</span> <span class='ocrx_word' id='word_1_196' title='bbox 525 2710 562 2770; x_wconf 92' lang='lat' dir='ltr'>ut</span> <span class='ocrx_word' id='word_1_197' title='bbox 593 2707 728 2790; x_wconf 88' lang='lat' dir='ltr'>mortui,</span> <span class='ocrx_word' id='word_1_198' title='bbox 759 2706 849 2791; x_wconf 87' lang='lat' dir='ltr'>viget</span> <span class='ocrx_word' id='word_1_199' title='bbox 877 2707 986 2770; x_wconf 88' lang='lat' dir='ltr'>autem</span> <span class='ocrx_word' id='word_1_200' title='bbox 1013 2708 1046 2770; x_wconf 91' lang='lat' dir='ltr'>et</span> 
     </span>
     <span class='ocr_line' id='line_1_30' title="bbox 52 2791 1047 2879; baseline 0.003 -24"><span class='ocrx_word' id='word_1_201' title='bbox 52 2792 121 2857; x_wconf 87' lang='lat' dir='ltr'>vivit</span> <span class='ocrx_word' id='word_1_202' title='bbox 151 2794 288 2858; x_wconf 84' lang='lat' dir='ltr'>animus.</span> <span class='ocrx_word' id='word_1_203' title='bbox 333 2791 426 2868; x_wconf 79' lang='lat' dir='ltr'>Quod</span> <span class='ocrx_word' id='word_1_204' title='bbox 444 2791 558 2858; x_wconf 74' lang='lat' dir='ltr'>&#39;multo</span> <span class='ocrx_word' id='word_1_205' title='bbox 593 2793 698 2879; x_wconf 83' lang='lat' dir='ltr'>magis</span> <span class='ocrx_word' id='word_1_206' title='bbox 727 2793 826 2858; x_wconf 85' lang='lat' dir='ltr'>faciet</span> <span class='ocrx_word' id='word_1_207' title='bbox 856 2795 933 2878; x_wconf 88' lang='lat' dir='ltr'>post</span> <span class='ocrx_word' id='word_1_208' title='bbox 963 2815 1047 2858; x_wconf 92' lang='lat' dir='ltr'>mor-</span> 
     </span>
     <span class='ocr_line' id='line_1_31' title="bbox 24 2880 1047 2967; baseline 0.007 -26"><span class='ocrx_word' id='word_1_209' title='bbox 24 2883 119 2965; x_wconf 75' lang='lat' dir='ltr'>vtem,</span> <span class='ocrx_word' id='word_1_210' title='bbox 148 2905 222 2947; x_wconf 89' lang='lat' dir='ltr'>cum</span> <span class='ocrx_word' id='word_1_211' title='bbox 249 2881 379 2946; x_wconf 90' lang='lat' dir='ltr'>omnino</span> <span class='ocrx_word' id='word_1_212' title='bbox 408 2904 541 2966; x_wconf 90' lang='lat' dir='ltr'>corpore</span> <span class='ocrx_word' id='word_1_213' title='bbox 570 2881 749 2947; x_wconf 85' lang='lat' dir='ltr'>excesserit.</span> <span class='ocrx_word' id='word_1_214' title='bbox 794 2880 909 2965; x_wconf 88' lang='lat' dir='ltr'>Itaque</span> <span class='ocrx_word' id='word_1_215' title='bbox 933 2882 1047 2967; x_wconf 89' lang='lat' dir='ltr'>adpro-</span> 
     </span>
     <span class='ocr_line' id='line_1_32' title="bbox 51 2968 1047 3054; baseline 0.002 -22"><span class='ocrx_word' id='word_1_216' title='bbox 51 2968 215 3054; x_wconf 88' lang='lat' dir='ltr'>pinquante</span> <span class='ocrx_word' id='word_1_217' title='bbox 238 2973 344 3034; x_wconf 89' lang='lat' dir='ltr'>morte</span> <span class='ocrx_word' id='word_1_218' title='bbox 363 2971 466 3035; x_wconf 91' lang='lat' dir='ltr'>multo</span> <span class='ocrx_word' id='word_1_219' title='bbox 485 2973 536 3034; x_wconf 90' lang='lat' dir='ltr'>est</span> <span class='ocrx_word' id='word_1_220' title='bbox 554 2969 700 3035; x_wconf 86' lang='lat' dir='ltr'>divinior.</span> <span class='ocrx_word' id='word_1_221' title='bbox 731 2968 818 3036; x_wconf 88' lang='lat' dir='ltr'>Nam</span> <span class='ocrx_word' id='word_1_222' title='bbox 837 2975 870 3034; x_wconf 92' lang='lat' dir='ltr'>et</span> <span class='ocrx_word' id='word_1_223' title='bbox 888 2970 922 3035; x_wconf 92' lang='lat' dir='ltr'>id</span> <span class='ocrx_word' id='word_1_224' title='bbox 939 2971 1047 3054; x_wconf 85' lang='lat' dir='ltr'>ipsum</span> 
     </span>
     <span class='ocr_line' id='line_1_33' title="bbox 51 3056 1048 3145; baseline 0.003 -27"><span class='ocrx_word' id='word_1_225' title='bbox 51 3056 162 3143; x_wconf 84' lang='lat' dir='ltr'>vident,</span> <span class='ocrx_word' id='word_1_226' title='bbox 193 3057 249 3143; x_wconf 91' lang='lat' dir='ltr'>qui</span> <span class='ocrx_word' id='word_1_227' title='bbox 281 3062 356 3122; x_wconf 90' lang='lat' dir='ltr'>sunt</span> <span class='ocrx_word' id='word_1_228' title='bbox 388 3058 502 3122; x_wconf 90' lang='lat' dir='ltr'>morbo</span> <span class='ocrx_word' id='word_1_229' title='bbox 533 3058 626 3145; x_wconf 87' lang='lat' dir='ltr'>gravi</span> <span class='ocrx_word' id='word_1_230' title='bbox 657 3061 690 3122; x_wconf 91' lang='lat' dir='ltr'>ct</span> <span class='ocrx_word' id='word_1_231' title='bbox 719 3058 888 3124; x_wconf 88' lang='lat' dir='ltr'>mortifero</span> <span class='ocrx_word' id='word_1_232' title='bbox 920 3057 1048 3140; x_wconf 83' lang='lat' dir='ltr'>adfecti,</span> 
     </span>
     <span class='ocr_line' id='line_1_34' title="bbox 51 3141 1047 3231; baseline 0.001 -25"><span class='ocrx_word' id='word_1_233' title='bbox 51 3141 161 3210; x_wconf 87' lang='lat' dir='ltr'>instare</span> <span class='ocrx_word' id='word_1_234' title='bbox 185 3149 338 3229; x_wconf 71' lang='lat' dir='ltr'>mortem,</span> <span class='ocrx_word' id='word_1_235' title='bbox 364 3145 475 3230; x_wconf 89' lang='lat' dir='ltr'>itaque</span> <span class='ocrx_word' id='word_1_236' title='bbox 489 3146 538 3211; x_wconf 79' lang='lat' dir='ltr'>&#39;iis</span> <span class='ocrx_word' id='word_1_237' title='bbox 562 3149 733 3212; x_wconf 85' lang='lat' dir='ltr'>occurrunt</span> <span class='ocrx_word' id='word_1_238' title='bbox 756 3147 946 3231; x_wconf 92' lang='lat' dir='ltr'>plerumque</span> <span class='ocrx_word' id='word_1_239' title='bbox 969 3146 1047 3208; x_wconf 91' lang='lat' dir='ltr'>ima-</span> 
     </span>
     <span class='ocr_line' id='line_1_35' title="bbox 20 3231 1047 3319; baseline -0.005 -21"><span class='ocrx_word' id='word_1_240' title='bbox 20 3283 28 3298; x_wconf 93' lang='lat'>.</span> <span class='ocrx_word' id='word_1_241' title='bbox 52 3232 130 3315; x_wconf 83' lang='lat' dir='ltr'>gines</span> <span class='ocrx_word' id='word_1_242' title='bbox 152 3239 366 3318; x_wconf 88' lang='lat' dir='ltr'>mortuorum,</span> <span class='ocrx_word' id='word_1_243' title='bbox 392 3237 525 3319; x_wconf 90' lang='lat' dir='ltr'>tumque</span> <span class='ocrx_word' id='word_1_244' title='bbox 548 3235 601 3300; x_wconf 89' lang='lat' dir='ltr'>vel</span> <span class='ocrx_word' id='word_1_245' title='bbox 624 3255 772 3300; x_wconf 86' lang='lat' dir='ltr'>maxume</span> <span class='ocrx_word' id='word_1_246' title='bbox 794 3233 883 3298; x_wconf 91' lang='lat' dir='ltr'>laudi</span> <span class='ocrx_word' id='word_1_247' title='bbox 906 3231 1047 3314; x_wconf 88' lang='lat' dir='ltr'>student,</span> 
     </span>
     <span class='ocr_line' id='line_1_36' title="bbox 23 3322 1047 3407; baseline -0.003 -23"><span class='ocrx_word' id='word_1_248' title='bbox 23 3327 165 3407; x_wconf 68' lang='lat' dir='ltr'>tuosque,</span> <span class='ocrx_word' id='word_1_249' title='bbox 196 3323 252 3407; x_wconf 90' lang='lat' dir='ltr'>qui</span> <span class='ocrx_word' id='word_1_250' title='bbox 276 3341 379 3405; x_wconf 91' lang='lat' dir='ltr'>secus,</span> <span class='ocrx_word' id='word_1_251' title='bbox 403 3343 501 3406; x_wconf 91' lang='lat' dir='ltr'>quam</span> <span class='ocrx_word' id='word_1_252' title='bbox 524 3322 638 3406; x_wconf 91' lang='lat' dir='ltr'>decuit,</span> <span class='ocrx_word' id='word_1_253' title='bbox 661 3323 818 3403; x_wconf 84' lang='lat' dir='ltr'>vixerunt,</span> <span class='ocrx_word' id='word_1_254' title='bbox 840 3322 1047 3404; x_wconf 89' lang='lat' dir='ltr'>pcccatorum</span> 
     </span>
     <span class='ocr_line' id='line_1_37' title="bbox 52 3406 1101 3494; baseline -0.002 -26"><span class='ocrx_word' id='word_1_255' title='bbox 52 3427 171 3476; x_wconf 85' lang='lat' dir='ltr'>suorum</span> <span class='ocrx_word' id='word_1_256' title='bbox 199 3415 270 3475; x_wconf 88' lang='lat' dir='ltr'>tum</span> <span class='ocrx_word' id='word_1_257' title='bbox 289 3431 446 3486; x_wconf 83' lang='lat' dir='ltr'>¹maxume</span> <span class='ocrx_word' id='word_1_258' title='bbox 473 3410 627 3494; x_wconf 88' lang='lat' dir='ltr'>paenitet.</span> <span class='ocrx_word' id='word_1_259' title='bbox 671 3406 825 3474; x_wconf 88' lang='lat' dir='ltr'>Divinare</span> <span class='ocrx_word' id='word_1_260' title='bbox 849 3410 959 3472; x_wconf 90' lang='lat' dir='ltr'>autem</span> <span class='ocrx_word' id='word_1_261' title='bbox 981 3427 1047 3470; x_wconf 93' lang='lat' dir='ltr'>mo·</span> <span class='ocrx_word' id='word_1_262' title='bbox 1066 3418 1101 3466; x_wconf 76' lang='grc'>64</span> 
     </span>
    </p>
   </div>
   <div class='ocr_carea' id='block_1_3' title="bbox 51 3493 1048 3583">
    <p class='ocr_par' dir='ltr' id='par_1_3' title="bbox 51 3493 1048 3583">
     <span class='ocr_line' id='line_1_38' title="bbox 51 3493 1048 3583; baseline -0.001 -26"><span class='ocrx_word' id='word_1_263' title='bbox 51 3495 158 3564; x_wconf 88' lang='lat' dir='ltr'>rientcs</span> <span class='ocrx_word' id='word_1_264' title='bbox 180 3499 240 3564; x_wconf 91' lang='lat' dir='ltr'>illo</span> <span class='ocrx_word' id='word_1_265' title='bbox 264 3499 364 3563; x_wconf 90' lang='lat' dir='ltr'>etiam</span> <span class='ocrx_word' id='word_1_266' title='bbox 387 3499 534 3583; x_wconf 87' lang='lat' dir='ltr'>exemplo</span> <span class='ocrx_word' id='word_1_267' title='bbox 549 3498 719 3563; x_wconf 84' lang='lat' dir='ltr'>confirmat</span> <span class='ocrx_word' id='word_1_268' title='bbox 737 3494 938 3577; x_wconf 89' lang='lat' dir='ltr'>Posidonius,</span> <span class='ocrx_word' id='word_1_269' title='bbox 963 3493 1048 3577; x_wconf 92' lang='lat' dir='ltr'>quod</span> 
     </span>
    </p>
   </div>
   <div class='ocr_carea' id='block_1_4' title="bbox 0 0 1234 3934">
    <p class='ocr_par' dir='ltr' id='par_1_4' title="bbox 0 0 1234 3934">
     <span class='ocr_line' id='line_1_39' title="bbox 0 0 1234 3934; baseline 0 4"><span class='ocrx_word' id='word_1_270' title='bbox 0 0 1234 3934; x_wconf 95' lang='lat' dir='ltr'> </span> 
     </span>
    </p>
   </div>
  </div>
 </body>
</html>
