2510 3936
331 189 399 244 LIB.
418 189 465 244 VI.
485 191 561 248 car.
581 199 676 248 1-11.
695 200 711 260 a
730 200 825 251 1-11.
1009 196 1073 260 371

66 330 200 417 publica
220 336 430 416 percontatus
453 338 516 419 est,
539 336 715 421 multisque
738 339 846 404 verbis
868 340 957 404 ultro
979 339 1075 406 citro-

67 442 129 504 que
152 420 276 486 habitis
299 421 355 486 ille
377 423 472 488 nobis
494 430 705 510 consumptus
729 432 780 492 est
802 428 879 493 dies.

132 508 215 575 Post
242 514 350 575 autem
378 516 538 596 apparatu
565 513 656 599 regio
684 516 808 600 accepti
836 538 1017 582 sermonem
1039 497 1127 622 inlllg

66 598 208 662 multam
229 603 358 664 noctem
380 600 605 684 produximus,
628 623 701 668 cum
724 626 821 670 senex
842 605 926 670 nihil
948 605 1013 670 nisi
1036 605 1073 669 de

9 741 10 748 ,
43 686 223 751 1111111111
251 687 438 771 loqueretur
465 688 637 774 omniaque
665 692 732 756 eius
759 714 827 758 non
847 693 936 759 facta
959 693 1074 777 solu'm,

10 823 11 834 2
66 775 248 840 sedetiam
270 775 357 840 dicta
379 776 588 846 meminisset.
627 778 761 864 Deinde,
783 785 820 845 ut
843 782 988 847 cubitum
1012 782 1075 846 dis-

10 895 11 914 1
66 864 236 947 cessimus,
269 885 321 928 me
353 868 386 929 et
414 864 452 930 de
479 866 533 931 via
558 866 695 952 fessum,
724 873 757 934 et
785 870 840 953 qui
867 869 908 936 ad
935 871 1075 934 multam

65 956 197 1016 noctem
219 951 417 1038 vigilassem,
439 954 542 1018 artior
565 977 663 1038 quam
686 957 814 1022 solebat
836 978 968 1023 somnus
990 979 1074 1022 com-

66 1041 182 1125 plexus
213 1044 271 1105 est.
311 1040 375 1107 Hic
401 1041 483 1106 mihi
511 1041 619 1128 (credo
648 1044 795 1127 equidem
823 1067 861 1110 ex
883 1047 963 1130 hoc,¹
988 1046 1075 1129 quod

34 1146 54 1185 10
67 1150 196 1192 eramus
215 1129 329 1213 locuti3
351 1129 391 1194 fit
409 1130 494 1196 enim
512 1130 589 1215 fere,
607 1135 645 1197 ut
663 1133 877 1219 cogitationes
897 1155 1075 1198 sermones-

67 1236 128 1300 que
157 1217 263 1281 nostri
292 1218 424 1301 pariant
451 1219 575 1302 aliquid
599 1220 635 1284 in
662 1242 776 1286 somno
804 1223 884 1306 tale,
911 1222 1007 1306 quale
1035 1222 1075 1288 do

65 1304 211 1370 Homero
238 1305 352 1370 scribit
378 1305 517 1392 Ennius,
549 1308 588 1372 dc
615 1330 679 1392 quo
706 1309 857 1374 videlicet
885 1311 1074 1395 saepissime
1108 1386 1114 1398 ,

66 1393 208 1478 vigilans
232 1394 358 1460 solebat
380 1394 525 1481 cogitare
548 1400 581 1460 et
599 1397 705 1480 loqui)
722 1397 896 1464 Africanus
916 1420 950 1464 se
969 1404 1075 1465 osten-

67 1482 114 1546 dit
145 1503 183 1545 11
211 1481 330 1565 forma,
358 1504 440 1567 quae
470 1483 551 1548 mihi
578 1506 616 1548 ex
643 1485 786 1571 imagine
814 1487 882 1552 eius
910 1509 1008 1572 quam
1036 1509 1075 1552 ex

34 1585 55 1625 1⁵
67 1569 139 1654 ipso
164 1573 234 1634 erat
256 1571 379 1654 notior3
402 1592 497 1654 quem
520 1572 577 1637 ubi
595 1574 724 1658 agnoui,
746 1574 896 1658 equidem
913 1576 1075 1659 cohorrui,

68 1659 124 1722 sed
141 1658 212 1722 ille:
230 1657 327 1744 Ades,
344 1659 461 1744 inquit,
479 1660 586 1725 animo
601 1665 636 1726 et
648 1662 763 1728 omitte
777 1663 938 1748 timorem,
956 1661 1074 1748 scipio,

68 1750 110 1832 et,
133 1768 216 1830 quae
239 1747 352 1832 dicam,
375 1748 467 1814 trade
490 1749 673 1815 memoriae.
1040 1803 1126 1872 HQ)

132 1833 274 1900 Videsne
286 1836 380 1902 illam
393 1837 516 1921 urbem,
529 1859 611 1921 quae
625 1860 739 1923 parere
753 1840 874 1924 populo
889 1839 1037 1906 Romano
1076 1880 1108 1928 11

68 1927 180 1989 coacta
206 1945 265 2010 per
287 1946 338 1990 me
361 1929 497 1990 renovat
518 1926 659 2010 pristina
681 1927 770 1992 bella
791 1949 850 1993 nec
873 1931 983 2013 potest
1006 1929 1074 2012 qui-

33 2029 56 2068 a
69 2013 196 2077 escere?
219 2009 427 2098 (ostendebat
449 2018 558 2080 autem
576 2015 813 2102 Karthaginem
837 2017 876 2081 de
897 2018 1022 2082 excelso
1041 2022 1075 2082 et

68 2101 166 2186 pleno
198 2101 368 2166 stellarum
399 2101 523 2168 illustri
554 2107 588 2167 11
619 2104 707 2170 claro
741 2105 882 2188 quodam
913 2102 1000 2190 loco)
1033 2104 1074 2170 ad

68 2211 166 2273 quam
189 2193 226 2253 tu
248 2190 500 2276 oppugnandam
516 2213 603 2257 nunc
620 2193 710 2258 venis
728 2215 830 2278 paene
849 2194 951 2259 miles.
980 2192 1075 2259 Hanc
1163 2195 1165 2198 ’

67 2278 128 2343 hoc
152 2277 281 2343 biennio
304 2279 417 2344 consul
439 2282 579 2362 evertes,
607 2281 731 2364 eritque
754 2303 935 2368 cognomen
956 2281 990 2346 id
1012 2282 1075 2347 tibi

67 2388 125 2450 per
152 2369 186 2430 te
213 2370 358 2450 partum,
385 2366 473 2451 quod
499 2367 602 2432 habes
629 2369 734 2434 adhuc
757 2392 777 2434 a
798 2370 893 2434 nobis
915 2369 1074 2435 heredita-

32 2469 55 2510 25
67 2455 161 2518 rium.
198 2452 279 2520 Cum
300 2458 409 2520 autem
427 2454 665 2542 Karthaginem
684 2456 849 2541 deleveris,
871 2457 1075 2541 triumphum

68 2542 173 2628 egeris
200 2563 376 2627 censorque
402 2542 503 2608 fueris
526 2547 560 2608 et
582 2544 701 2609 obieris
724 2545 853 2630 legatus
876 2544 1074 2630 Aegyptum,

68 2629 210 2715 Syriam,
232 2631 355 2715 Asiam,
378 2629 556 2716 Graeciam,
579 2632 721 2718 deligere
742 2632 861 2698 iterum
884 2633 996 2698 consul
1020 2633 1074 2697 ab

68 2741 141 2784 sens
170 2719 357 2804 bellumque
387 2720 564 2786 maximum
590 2720 753 2804 conficies,
783 2719 996 2786 Numantiam
1023 2742 1074 2786 111-

67 2808 184 2872 cindes.
230 2805 291 2873 Sed
318 2830 390 2873 cum
418 2808 481 2874 eris
508 2831 604 2874 curru
630 2809 665 2874 in
692 2801 891 2893 Capitolium
917 2809 1074 2891 invectus,

31 2911 55 2951 ³⁰
68 2895 211 2961 offendes
221 2917 289 2962 rem
298 2897 463 2981 publicam
473 2897 617 2962 consiliis
626 2897 852 2984 perturbatam
861 2898 989 2984 nepotis
999 2899 1072 2963 mei.

132 2983 195 3049 Hic
213 2988 258 3067 tu,
281 2983 443 3068 Africana,
466 2987 618 3052 ostendas
636 2985 802 3070 oportebit
819 2986 945 3071 patriae
963 2987 1073 3052 lumen
1092 3023 1124 3071 12

66 3073 181 3156 animi,
206 3073 328 3158 ingenii
350 3073 540 3158 consiliique
562 3075 620 3139 tui.
661 3072 724 3138 Sed
747 3075 814 3139 eius
838 3075 995 3159 temporis
1019 3097 1072 3139 an-

65 3162 198 3246 cipitem
225 3161 317 3226 video
346 3163 439 3245 quasi
464 3162 609 3228 fatorum
635 3163 731 3228 viam.
772 3161 859 3227 Nam
887 3185 959 3228 cum
982 3166 1072 3228 aetas

66 3255 125 3314 tua
156 3253 307 3335 septenos
335 3250 458 3315 octiens
486 3251 566 3316 solis
594 3251 759 3316 anfractus
786 3250 972 3333 reditusque
1000 3272 1073 3314 con·

30 3355 53 3394 ³⁵
65 3338 216 3422 verterit,
247 3338 373 3422 duoque
404 3338 429 3402 ii
459 3339 598 3424 numeri,
631 3361 767 3423 quorum
796 3341 931 3421 uterque
957 3339 1072 3422 plenus

66 3427 151 3491 alter
177 3427 281 3492 altera
305 3426 343 3491 de
366 3449 464 3493 causa
485 3427 637 3510 habetur,
664 3427 800 3493 circuitu
821 3426 965 3492 naturali
988 3448 1073 3491 sum·

64 3538 153 3581 marn
181 3515 243 3580 tibi
270 3515 406 3581 fatalem
433 3515 643 3600 confecerint,
669 3515 705 3580 in
730 3519 764 3582 te
791 3536 891 3580 unum
919 3518 1015 3598 atque
1037 3515 1073 3580 in

805 3617 860 3673 24*
