2490 3950
290 1067 341 1140 u.
371 1066 530 1140 runnu
558 1065 802 1141 crcauours

146 1243 249 1340 ΒΕ
286 1241 594 1341 NATURA
631 1243 940 1343 DEORUM

414 1429 464 1482 AD
478 1429 514 1484 M.
529 1430 682 1486 BRUTUM

378 1577 514 1640 LIBER
541 1579 719 1642 PRIMUS.

495 1737 600 1747 --——-

403 1859 696 1922 ARGUMENTUM.

110 1997 144 2049 ln
166 1993 212 2048 his
235 1991 330 2059 libris,
356 1991 502 2061 inquibus
523 1992 618 2048 Cicero
644 1992 698 2048 sihi
721 2008 830 2048 omnem
849 1993 906 2049 sere
925 1996 1051 2049 veterum

43 2065 276 2134 philosophorum
291 2063 326 2117 de
340 2064 439 2116 natura
452 2063 567 2118 deorum
580 2063 737 2118 doctrinam
751 2065 944 2134 explicandam
959 2084 1050 2136 sump—

45 2137 91 2202 sit,
114 2136 191 2189 hanc
212 2134 353 2188 rationem
376 2135 485 2187 secutus
509 2135 564 2201 est,
583 2136 628 2200 ut,
653 2150 724 2202 quae
747 2134 879 2205 Epicurei
897 2136 931 2190 de
949 2139 1050 2190 natura

46 2205 160 2259 deorum
179 2205 348 2269 docuissent,
368 2219 400 2257 ea
419 2202 447 2256 O.
466 2204 585 2271 Velleio,
604 2205 630 2258 ei
649 2204 697 2273 qui
714 2221 786 2261 anno
804 2222 831 2258 u.
851 2223 874 2260 6.
893 2213 945 2262 664
964 2207 1050 2261 tribu-

46 2277 140 2329 natum
160 2274 287 2330 obtinuit
308 2276 338 2328 et
361 2273 429 2327 clari
451 2273 528 2328 illius
551 2275 669 2328 oratoris
688 2273 717 2329 L.
736 2275 838 2330 Licinii
857 2275 949 2330 Crassi
971 2275 1050 2330 farni-

47 2345 120 2399 liaris
138 2344 228 2399 fnisse
247 2343 349 2398 dicitur
367 2344 411 2411 (de
431 2361 468 2398 or,
488 2345 527 2397 lll
546 2351 588 2400 21.
608 2349 660 2415 78),
680 2345 844 2416 exponenda
861 2347 997 2411 traderet,
1016 2363 1051 2401 ea

47 2419 147 2482 autem,
167 2431 240 2484 quae
253 2414 342 2469 Stoici
360 2414 394 2468 de
411 2416 511 2468 natura
529 2415 644 2470 deorum
661 2416 877 2486 praecepissent,
897 2416 927 2480 Q.
942 2415 1050 2471 Lucilio

48 2485 141 2552 Balbo,
161 2502 246 2554 quem
264 2483 382 2539 eundem
400 2484 486 2539 etiam
504 2485 533 2538 in
546 2484 696 2540 Hortensio
714 2485 877 2554 loquentem
895 2485 1049 2552 induxerat,

49 2555 212 2626 explicanda
235 2555 322 2610 daret.
361 2554 464 2609 Contra
484 2556 536 2610 hos
559 2556 600 2610 ita
618 2555 808 2626 disputantem
830 2554 899 2610 lecit
918 2555 946 2610 G.
966 2556 1051 2610 Aure·

47 2625 114 2680 lium
132 2626 258 2692 0066661,
276 2627 413 2680 oratorem
431 2641 488 2680 non
505 2625 671 2696 ignobilem,
694 2627 727 2680 ut
744 2627 780 2691 is,
800 2641 870 2694 quae
890 2626 1052 2680 Academici

48 2696 79 2750 de
103 2700 207 2752 natura
232 2697 347 2751 deorum
372 2696 544 2763 docuissent,
570 2698 718 2752 enarraret.
755 2695 813 2750 Hos
839 2696 897 2752 tres
924 2696 1051 2752 homines

47 2767 120 2837 apud
141 2767 170 2822 C.
197 2765 309 2821 Cottam
333 2765 410 2822 feriis
433 2766 541 2821 Latinis
565 2766 639 2820 inter
662 2783 764 2821 annum
789 2783 815 2822 u.
835 2781 858 2822 o.
878 2773 928 2822 676
953 2769 982 2821 et
1004 2784 1051 2822 an-

47 2855 111 2890 num
133 2845 188 2894 6⁶19
209 2837 285 2892 inter
306 2854 336 2893 se
359 2837 393 2891 de
416 2840 516 2892 natura
541 2836 656 2891 deorum
681 2837 872 2905 colloquentes
895 2835 965 2891 facit
988 2837 1050 2910 ipso

50 2907 187 2972 audiente,
207 2925 270 2962 cum
287 2907 372 2978 paulo
394 2909 459 2962 ante
477 2908 507 2961 in
525 2907 643 2962 Graecia
661 2906 753 2961 studio
771 2906 967 2978 philosophiae
986 2926 1051 2979 ope·

50 2993 105 3032 ram
129 2979 262 3060 dedisset
301 2978 445 3060 Scribebat
468 2979 561 3032 autem
585 2977 637 3030 hos
661 2977 762 3044 libros,
787 2977 823 3059 ut·
837 2979 934 3060 colligi
956 2983 1051 3062 potest

51 3048 466 3174 {serratarum
482 3047 553 3188 {tt
571 3053 667 3187 ilai?
687 3048 928 3186 tlalbtllllz
947 3050 1051 3184 eru

52 3187 171 3244 absolvit
190 3190 265 3244 certe
282 3190 349 3244 ‘ante
367 3189 433 3244 Idus
446 3187 561 3243 Martias
580 3187 689 3241 annin.
710 3205 733 3244 6.
750 3195 809 3256 710,
828 3191 861 3243 ut
877 3189 1052 3258 intellegitur

53 3273 82 3310 ex
98 3258 145 3313 lib.
161 3261 175 3313 I
194 3266 287 3330 capt
306 3265 359 3326 §⁷-
393 3261 423 3313 ln
441 3259 495 3313 hoo
513 3260 607 3313 autem
625 3257 696 3313 libro
714 3259 804 3328 primo
820 3259 854 3313 de
871 3261 971 3311 natura
984 3257 1051 3310 deo-

52 3344 115 3396 rnm,
133 3346 204 3398 quos
222 3329 301 3384 misit
318 3329 355 3384 ad
372 3329 408 3382 M.
423 3330 548 3396 Brutum,
566 3343 648 3397 quem
667 3331 778 3384 constat
795 3329 825 3382 in
839 3328 944 3382 Graeca
960 3327 1052 3397 philo-

55 3400 147 3467 sophia
172 3400 367 3470 cognosuenda
390 3399 509 3452 multum
532 3398 668 3467 temporis
694 3415 849 3468 operaeque
873 3395 1000 3466 posuisse
1023 3398 1053 3451 et

56 3465 140 3536 ipsum
156 3471 261 3524 librum
280 3470 314 3524 de
333 3470 436 3524 virtute
456 3469 655 3539 composuisse·
672 3468 702 3521 in
719 3469 782 3537 ipso
799 3467 942 3536 prooemio
960 3465 997 3516 ad
1014 3465 1052 3517 M.

57 3537 162 3594 Brutum
180 3541 286 3611 scripto
301 3541 337 3595 ll.
351 3539 459 3593 Tullius
479 3539 513 3593 de
532 3554 640 3592 summa
653 3537 818 3590 difficultate
837 3535 867 3588 et
883 3532 1054 3587 obscuritate

102 3647 210 3690 oro1v.
228 3650 248 3688 2.
826 3626 837 3672 ¹
