2458 3934
312 184 379 240 ΜΒ.
398 185 433 239 11.
454 183 528 239 cAP.
550 189 574 253 r,
592 189 618 238 a.
636 189 652 249 s
672 187 748 239 1-5.
965 181 1028 247 197

44 330 160 413 quintus
185 351 258 396 eum
279 330 385 396 locum
409 328 584 413 conplexus
608 330 666 410 est,
689 326 745 411 qui
767 329 872 392 totam
890 325 1032 411 philoso

44 417 138 502 phium
161 418 301 483 maxime
322 417 491 499 inlustrat3
519 415 612 480 docet
635 414 720 478 enim
743 414 785 479 ad
806 415 900 480 beate
923 415 1032 480 viven-

44 507 104 570 dum
125 506 282 572 virtutem
304 526 338 571 se
360 505 435 591 ipsa
456 525 527 570 esse
550 505 744 569 contentam.
790 501 913 578 Quibus
935 504 1067 569 rebusa

43 593 122 658 editis
152 598 221 660 tres
249 594 326 659 libri
351 593 489 679 perfecti
517 596 592 656 suut
620 591 800 656 denatura
826 591 972 676 deorum,
997 591 1034 656 iu

26 682 144 764 squibus
169 682 276 748 omnis
299 681 367 746 eius
391 681 455 747 loci
478 678 625 764 quaestio
648 679 840 745 continetur.
886 677 973 755 Quae
996 682 1033 744 ut

42 771 122 854 plane
154 773 243 836 esset
272 769 498 853 cumulateque
520 767 677 852 perfecta,
704 767 744 832 de
767 767 965 833 divinatione
987 768 1033 832 in-

43 857 132 942 gressi
161 879 274 925 sumus
304 857 356 922 his
386 856 479 922 libris
509 855 662 940 scribere3
695 855 825 940 quibus,
853 859 891 920 ut
921 859 971 920 est
1000 857 1034 920 in

42 947 142 1030 auimo,
166 946 206 1011 de
228 946 299 1012 fato
323 946 351 1010 si
374 943 622 1026 adiunxerimus,
646 943 708 1008 erit
727 943 852 1008 abunde
871 943 952 1008 satis
970 943 1035 1008 lao-

42 1037 97 1098 tum
122 1035 188 1100 toti
215 1034 292 1099 huic
319 1034 509 1117 quaestioni.
555 1032 663 1115 Atque
692 1030 744 1095 his
768 1030 861 1096 libris
885 1031 1034 1096 adnume

18 1123 117 1186 urendi
146 1127 226 1187 sunt
255 1143 311 1187 sex
338 1121 377 1186 de
404 1120 606 1207 republica,
633 1139 715 1203 quos
742 1123 813 1184 tum
837 1118 1035 1205 scripsimus,

43 1230 99 1274 cum
132 1209 355 1297 gubernacula
387 1209 435 1274 rei
466 1208 615 1294 publicae
646 1207 846 1274 tenebamus.
896 1207 1034 1294 Magnus

42 1296 114 1362 locus
135 1297 429 1382 philosophiaeque
451 1295 603 1382 proprius
625 1317 645 1358 a
667 1294 819 1379 Platone,
846 1294 1035 1380 Aristotele,

42 1383 254 1470 Theophrasto
284 1389 419 1469 totaque
445 1383 735 1468 Peripateticorum
763 1383 889 1449 familia
917 1388 1035 1449 tracta-

42 1475 82 1537 tus
98 1474 270 1540 uberrime.
307 1471 392 1538 Nam
416 1473 493 1558 quid
516 1491 576 1558 ego
601 1472 639 1536 de
653 1469 885 1536 Consolatione
908 1472 1035 1537 dicam?

18 1573 33 1612 1⁵
42 1581 108 1642 quae
129 1561 212 1627 mihi
236 1560 367 1645 quidem
389 1561 453 1645 ipsi
476 1581 553 1626 sane
576 1560 781 1644 aliquantum
804 1558 965 1642 medetur,
988 1581 1036 1624 oe·

43 1650 105 1714 teris
121 1649 204 1715 item
223 1650 363 1714 multum
382 1648 474 1714 illam
493 1647 699 1734 profuturam
717 1648 806 1730 puto.
842 1644 1034 1710 Interiectus

43 1741 81 1800 est
104 1739 205 1804 etiam
233 1758 337 1822 nuper
360 1736 442 1801 liber
464 1737 506 1821 is,
535 1756 631 1820 quem
655 1734 696 1798 cd
717 1735 866 1798 nostrum
890 1731 1036 1799 Atticum
1058 1791 1060 1795 ,

43 1823 71 1888 de
95 1829 260 1892 senectute
285 1823 445 1908 misimus3
476 1825 510 1894 in
532 1823 724 1909 primisque,
757 1819 910 1904 quoniam
933 1821 1036 1905 philo

43 1913 141 1998 sophia
174 1914 227 1979 vir
255 1913 360 1978 bonus
388 1911 526 1978 efficitur
554 1915 587 1977 et
613 1911 722 1993 fortis,
756 1907 837 1973 Cato
864 1915 976 1974 noster
1003 1909 1037 1974 in

17 1997 142 2066 chorum
165 2002 329 2067 librorum
349 2021 485 2065 numero
508 1999 674 2084 ponendus
698 1999 757 2062 est.
798 1994 943 2082 Cumque
966 1997 1072 2062 Ari-4

43 2091 161 2155 stoteles
190 2090 337 2173 itemque
364 2087 621 2173 Theophrastus,
655 2084 847 2152 excellentes
864 2086 937 2151 ,viri
964 2108 1037 2152 oum

43 2175 222 2262 subtilitate,
244 2181 317 2242 tum
339 2177 441 2261 copia,
464 2197 536 2240 cum
559 2174 769 2260 philosophie
791 2173 916 2239 dicendi
939 2175 1038 2240 etiem

14 2305 15 2314 κ
42 2271 203 2352 praecepta
226 2264 460 2348 coniunxerint,
482 2263 588 2328 nostri
608 2283 736 2349 quoque
755 2262 891 2328 oratorii
909 2263 986 2327 libri
1004 2263 1039 2326 iu

43 2353 164 2418 eundem
183 2353 345 2419 librorum
362 2372 531 2417 numerum
547 2349 706 2416 referendi
720 2350 877 2415 uidentur.
905 2349 958 2415 Ita
971 2355 1038 2414 tres

17 2444 123 2505 serunt
146 2442 187 2506 de
211 2445 350 2525 oratore,
373 2443 508 2524 quartus
531 2439 662 2521 Brutus,
684 2439 819 2522 quintus
842 2440 961 2502 orator.

96 2528 213 2595 Adhuc
240 2529 321 2594 haec
347 2533 455 2612 erant,
483 2527 524 2592 ad
551 2527 677 2612 reliqua
704 2526 804 2592 alacri
827 2523 1079 2592 tendebamus2

45 2615 137 2682 auimo
166 2618 216 2682 sic
243 2616 364 2702 parati,
391 2621 442 2700 ut,
469 2615 533 2681 uisi
562 2637 644 2700 quae
667 2634 765 2680 causa
787 2611 918 2700 gravior
942 2611 1041 2678 obsti-

44 2700 134 2788 tisset,
156 2705 286 2770 nullum
308 2704 535 2789 philosophiae
553 2703 661 2769 locum
679 2723 749 2766 esse
768 2704 963 2787 pateremur,
986 2700 1041 2784 qui

44 2808 98 2854 uou
123 2791 252 2858 Latinis
282 2791 402 2857 litteris
432 2791 627 2856 inlustratus
654 2792 791 2876 pateret.
835 2785 929 2862 Quod
956 2789 1041 2854 enim

18 2881 149 2944 ³⁰nunus
172 2880 222 2948 rei
244 2880 393 2964 publicae
417 2878 542 2944 adferre
561 2879 666 2942 maius
685 2877 841 2943 meliusve
860 2897 1042 2961 possumus,

46 2984 130 3046 quam
164 2969 194 3033 si
226 2968 377 3034 docemus
409 2971 506 3050 atque
539 2967 700 3032 erudimus
731 2965 954 3034 iuuentutem?
990 2966 1042 3030 his

45 3056 227 3133 praesertim
250 3056 394 3121 moribus
418 3058 516 3140 atque
535 3054 745 3140 temporibus,
769 3054 886 3140 quibus
904 3054 953 3120 ita
969 3075 1042 3138 pro

46 3137 128 3225 lapsa
158 3148 222 3228 est,
249 3148 287 3209 ut
315 3142 460 3209 omnium
483 3143 599 3228 opibus
621 3142 813 3208 refrenanda
835 3146 934 3226 etque
957 3146 1043 3206 co'e‘r·

47 3231 137 3296 conda
159 3232 212 3297 sit.
256 3230 326 3298 Neo
346 3253 424 3296 vero
448 3230 481 3296 id
503 3231 588 3296 effici
610 3251 706 3316 posse
728 3231 866 3313 confido,
894 3227 980 3312 quod
1002 3249 1042 3291 ne
1061 3237 1078 3287 5

19 3319 269 3396 ³⁵postulandum
292 3319 420 3404 quidem
443 3322 504 3403 est,
525 3323 563 3384 ut
581 3339 692 3384 omnes
711 3318 930 3384 adulescentes
948 3335 983 3379 se
1002 3314 1043 3379 ad

49 3399 118 3470 haec
141 3408 248 3473 studia
267 3411 466 3474 convertant.
501 3406 600 3472 Pauci
617 3407 755 3471 utinam!
779 3424 914 3489 quorum
932 3406 1043 3466 tamen

49 3487 130 3559 inre
153 3495 284 3580 publica
305 3496 372 3560 late
394 3499 507 3580 patere
529 3495 650 3579 poterit
672 3492 839 3557 industria.
883 3488 1043 3573 Equidem
