2490 3950
362 192 429 247 LlB.
447 194 469 248 I.
488 193 565 249 CAP.
584 201 663 251 7-9.
681 202 696 262 5
716 202 828 252 16-22.
1057 201 1097 264 ll

15 329 17 370 l
95 335 172 400 unde
198 358 278 402 vero
302 340 396 401 ortae
418 337 495 402 illae
519 339 658 424 quinque
681 338 818 424 formae,
849 363 888 406 ex
911 342 1028 425 quibus
1051 365 1099 426 re

95 424 177 508 liqna
193 423 392 508 formantur,
411 429 485 510 apte
503 427 654 492 cadentes
673 428 714 492 ad
732 428 874 494 animum
895 430 1098 496 afficiendum

93 512 326 597 pariendosque
357 515 492 579 sensus?
538 515 688 601 Longum
715 520 765 580 est
792 517 833 582 ad
863 519 984 603 omnia,
1014 541 1098 603 quae

93 601 170 665 talia
191 605 284 683 sunt,
314 604 351 666 ut
374 605 488 686 optata
510 604 615 689 magis
639 625 737 687 quam
759 604 892 670 inventa
914 606 1098 690 videantur3

68 688 146 752 csed
165 688 228 752 illa
251 689 425 774 palmaria,
455 691 553 775 quod,
584 692 641 774 qui
662 713 729 756 non
751 693 846 758 modo
869 697 983 760 natum
1006 717 1097 760 mun·
1116 707 1151 756 rc

93 777 165 840 dum
191 777 423 862 introduxerit,
453 778 509 842 sed
536 779 635 844 etiam
658 801 755 846 manu
777 803 879 865 paene
901 782 1038 866 factum,
1067 783 1097 847 is

92 885 162 928 eum
189 865 309 930 dixerit
335 863 405 930 fore
432 867 672 951 sempiternum.
717 867 812 934 Hunc
839 891 950 935 censes
972 871 1096 955 primis,

91 955 127 1015 ut
148 952 281 1036 dicitur,
305 953 406 1018 labris
430 959 579 1040 gustasse
600 955 852 1042 physiologiam,
875 957 908 1022 id
931 962 980 1022 est
1002 963 1095 1024 natu-

90 1062 144 1104 rae
171 1041 349 1124 rationem,
379 1041 434 1125 qui
461 1043 646 1127 quicquam,
674 1043 760 1128 quod
783 1049 892 1110 ortum
915 1045 971 1128 sit,
1003 1051 1096 1131 putet

55 1132 260 1193 caeternum
286 1150 356 1193 esse
383 1131 500 1214 posse?
545 1129 634 1206 Quae
664 1135 714 1196 est
741 1132 827 1197 anim
854 1134 1095 1219 coagmentatio

89 1237 155 1281 non
182 1217 407 1282 dissolubilis?
435 1222 491 1283 aut
519 1219 682 1303 quidest,
710 1220 798 1285 cuius
821 1220 1016 1306 principium
1039 1222 1096 1287 ali-

91 1304 175 1388 quod
203 1305 261 1387 sit,
290 1304 372 1370 nihil
396 1306 439 1369 sit
462 1308 663 1372 extremum?
707 1307 854 1374 Pronoea
877 1331 953 1375 vero
976 1313 1095 1393 vestra,

90 1392 202 1476 Lucili,
227 1393 256 1458 si
280 1397 331 1457 est
352 1395 463 1477 cadem,
486 1394 598 1460 eadem
620 1394 759 1479 requiro,
783 1417 865 1481 quae
887 1397 986 1482 paulo
1010 1402 1095 1480 ante,

15 1549 16 1560 ,
90 1481 268 1564 ministros,
293 1480 469 1565 machinas,
491 1503 619 1547 omnem
642 1484 744 1549 totius
763 1485 870 1569 operis
890 1485 1095 1572 dissignatio·

56 1585 163 1633 1⁵nem
194 1571 295 1652 atque
327 1573 533 1654 apparatum3
564 1569 614 1635 sin
646 1571 711 1636 alia
743 1575 807 1656 est,
838 1595 895 1638 cur
922 1575 1095 1638 mortalem

89 1656 202 1722 fecerit
236 1657 404 1741 mundum,
434 1679 513 1742 non,
545 1681 640 1743 quem
672 1659 714 1724 ad
744 1659 875 1724 modum
906 1659 1134 1768 Platonicusq

91 1744 181 1827 deus,
205 1744 447 1830 sempiternum.
492 1747 544 1810 Ab
568 1751 706 1831 utroque
729 1750 838 1812 autem
861 1747 1016 1833 sciscitor,
1039 1771 1095 1814 cur
1113 1755 1146 1836 'al

91 1833 200 1898 mundi
224 1831 445 1899 aedificatores
468 1838 599 1919 repente
622 1835 819 1918 exstiterint,
846 1835 1095 1902 innumerabilia

92 1920 197 1986 saecla
226 1920 431 2005 dormierint3
457 1923 644 2007 nonenim,
672 1923 699 1988 si
723 1923 859 1988 mundus
882 1924 992 1990 nullus
1015 1930 1095 2009 erat,

57 2025 79 2065 ἑο
92 2009 196 2074 saecla
232 2030 299 2074 non
332 2014 433 2074 erant.
477 2007 590 2076 Saecla
622 2033 706 2077 nunc
738 2011 809 2077 dico
836 2035 901 2078 non
929 2035 979 2098 ea,
1012 2036 1094 2099 quae

92 2097 215 2162 dierum
238 2097 445 2182 noctiumque
467 2120 602 2164 numero
626 2099 740 2165 annuis
759 2100 905 2166 cursibus
925 2102 1095 2166 conficiun-

16 2185 17 2190 ’
91 2189 157 2268 tur3
179 2207 259 2249 nam
281 2185 387 2251 fateor
409 2207 447 2250 ea
470 2186 538 2251 sine
561 2187 672 2252 mundi
695 2189 903 2254 conversione
927 2188 1011 2255 effici
1028 2211 1095 2255 non

91 2272 250 2357 potuisse,
273 2273 330 2338 sed
352 2273 415 2338 fuit
437 2275 595 2358 quaedam
618 2276 659 2340 ab
682 2275 809 2342 infinito
828 2280 975 2362 tempore
993 2281 1095 2343 aeter-

90 2361 189 2445 nitas,
218 2383 315 2444 quam
342 2362 433 2428 nulla
459 2363 713 2448 circumscriptio
736 2369 918 2449 temporum
942 2365 1095 2429 metieba-

58 2464 80 2505 ὅ
91 2453 155 2534 tur3
174 2449 284 2535 spatio
302 2453 412 2515 tamen
430 2450 535 2535 qualis
554 2473 592 2516 ea
609 2451 717 2536 fuerit,
734 2452 883 2537 intellegi
900 2471 963 2518 coa
976 2454 1095 2536 potest,

92 2536 176 2620 quod
197 2559 240 2602 ne
262 2537 297 2601 in
320 2538 551 2623 cogitationem
574 2539 703 2623 quidem
727 2540 821 2623 cadit,
843 2543 881 2604 ut
898 2539 998 2603 fuerit
1015 2543 1094 2604 tem-

91 2647 148 2708 pus
177 2625 324 2709 aliquod,
352 2626 478 2691 nullum
505 2647 578 2692 cum
604 2631 732 2713 tempus
761 2629 855 2692 esset.
900 2625 969 2691 Isto
992 2627 1094 2712 igitur
1113 2640 1146 2688 22

92 2717 157 2778 tam
174 2713 323 2778 inmenso
343 2714 449 2798 spatio
469 2735 597 2797 quaero,
617 2713 729 2799 Balbe,
747 2737 803 2780 cur
820 2713 967 2780 Pronoea
985 2719 1095 2780 vestra

92 2801 275 2865 cessaverit.
310 2799 509 2867 Laboremne
531 2802 701 2889 fugiebat?
737 2801 784 2867 At
801 2803 864 2867 iste
882 2823 941 2868 nec
959 2803 1095 2890 attingit

60 2887 185 2953 ”deum
212 2910 271 2953 nec
294 2891 365 2953 erat
387 2889 488 2972 ullus,
516 2911 589 2954 cum
612 2911 723 2956 omnes
745 2894 881 2956 naturae
902 2891 1027 2956 numini
1050 2891 1094 2956 di·

92 2976 179 3060 vino,
212 2975 350 3060 caelum,
381 2976 487 3063 ignes,
515 2981 634 3062 terrae,
662 2977 778 3061 maria,
806 2983 965 3063 parerent.
1011 2977 1094 3055 Quid

94 3067 200 3128 autem
228 3067 312 3147 erat,
340 3065 425 3147 quod
453 3066 691 3150 concupisceret
714 3066 791 3131 deus
814 3068 967 3132 mundum
991 3065 1094 3152 signis

95 3155 125 3214 et
154 3152 331 3216 luminibus
358 3157 525 3236 tamquam
553 3153 665 3218 aedilis
693 3155 829 3220 ornare?
874 3153 922 3237 Si,
953 3157 990 3218 ut
1017 3153 1094 3217 deus

95 3237 160 3322 ipse
183 3239 299 3304 melius
321 3239 495 3324 habitaret,
518 3245 613 3306 antea
635 3242 785 3308 videlicet
803 3245 948 3326 tempore
966 3240 1094 3304 infinito

64 3325 128 3390 ⁸⁵in
148 3327 291 3393 tenebris
314 3333 482 3412 tamquam
504 3329 540 3393 in
562 3330 732 3416 gurgustio
755 3329 969 3394 habitaverat.
1013 3325 1094 3391 Post

98 3418 202 3480 autem
224 3416 422 3482 varietatene
442 3439 515 3481 eum
533 3417 686 3482 delectari
704 3421 866 3502 putamus,
889 3435 952 3499 qua
970 3414 1095 3478 caelum

99 3504 127 3564 et
152 3507 256 3568 terras
283 3508 455 3570 exornatas
482 3504 650 3570 videmus?
695 3503 783 3578 Quae
805 3502 871 3564 ista
892 3503 1002 3584 potest
1024 3520 1095 3563 esse
