2510 3936
224 207 228 213 ·
339 194 858 263 nrss.u.cAP.1a-ar.srr-aa
1034 200 1101 266 425

92 340 135 406 ad
158 343 257 424 caput
277 339 407 425 referat,
428 362 487 424 per
510 361 544 406 se
565 340 636 425 ipse
654 340 751 407 facile
769 343 952 428 perspiciat.
980 343 1101 429 Veluti,

91 429 122 494 si
140 428 247 492 minus
266 429 338 512 quis
358 427 506 514 cepisset,
522 450 564 494 ne
583 429 684 494 sacris
703 429 905 516 alligaretur,
922 435 955 497 et
971 437 1047 517 post
1061 434 1101 499 de

92 517 162 582 eius
180 517 352 582 heredibus
372 517 490 601 aliquis
510 517 670 602 exegisset
687 540 747 603 pro
767 541 825 584 sua
843 523 936 606 parte
954 521 996 604 id,
1015 520 1101 605 quod

92 605 136 670 ab
147 627 194 689 co,
209 605 286 688 quoi
293 605 364 690 ipss
373 605 467 670 heres
477 609 571 690 osset,
584 606 850 691 praetermissum
859 607 985 694 fuisset,
999 631 1101 694 eaque

63 693 230 780 specunia
258 715 325 759 non
354 693 460 759 minor
489 697 577 760 esset
601 693 691 760 facta
717 717 791 760 cum
818 697 983 782 superiore
1012 720 1101 764 exac-

90 783 191 866 tione,
215 803 312 866 quam
334 781 506 848 heredibus
530 782 680 848 omnibus
705 788 790 848 esset
808 784 931 870 relicta,
954 787 1011 870 qui
1029 809 1102 853 cam

90 870 263 956 pecuniam
286 870 456 956 exegisset,
478 871 584 937 solum
607 871 676 937 sine
699 871 909 939 coheredibus
933 874 1033 940 sacris
1057 876 1102 940 al-

90 958 199 1045 ligari.
245 957 327 1034 Quin
353 959 452 1026 etiam
476 963 603 1043 cavent,
631 962 681 1044 ut,
709 960 775 1026 cui.
782 961 856 1045 plus
880 962 1026 1047 legatum
1048 963 1102 1047 sit,

92 1069 193 1131 quarn
212 1047 281 1112 sine
298 1046 455 1132 religione
474 1069 588 1134 capere
606 1047 712 1132 liceat,
734 1048 763 1112 is
781 1070 839 1133 por
858 1070 912 1115 aas
932 1053 966 1116 et
983 1050 1102 1116 libram

51 1161 77 1200 ιο
91 1135 227 1200 heredes
250 1136 440 1200 testamenti
462 1137 579 1220 solvat,
601 1139 775 1221 propterea
798 1137 884 1221 quod
903 1159 939 1202 co
959 1138 1031 1205 loco
1049 1161 1101 1204 res

93 1227 145 1288 est
167 1223 216 1288 ita
239 1224 347 1289 soluta
368 1224 558 1308 hereditate,
582 1224 675 1308 quasi
698 1245 737 1290 ea
754 1225 890 1309 pecunia
908 1226 1019 1312 legata
1035 1249 1103 1292 non

92 1316 233 1465 essedloe
250 1421 312 1486 ego
330 1401 402 1466 loco
420 1401 597 1485 multisque
616 1401 689 1468 aliis
709 1424 828 1486 quaero
848 1425 868 1468 a
885 1403 988 1486 vobiS,
1011 1401 1102 1470 Scae
1111 1376 1155 1504 ἐξ

92 1489 202 1573 volae,
228 1488 398 1574 pontifices
426 1489 560 1554 maximi
583 1492 615 1555 ct
637 1490 785 1556 homines
809 1512 881 1557 meo
905 1492 1034 1574 quidem
1056 1492 1102 1558 iu-

52 1601 78 1642 ra
94 1577 179 1643 dicio
203 1577 392 1661 acutissimi,
415 1577 492 1662 quid
515 1577 568 1662 sit,
591 1576 678 1662 quod
701 1577 742 1641 ad
763 1578 813 1643 ins
837 1579 1039 1662 pontificium
1061 1580 1103 1644 ei-

91 1667 158 1732 vile
186 1665 362 1751 appetatis,
389 1665 495 1731 civilis
522 1665 608 1730 enirn
634 1664 715 1730 iuris
742 1666 878 1732 scientia
900 1667 1102 1752 pontificium

93 1754 235 1838 quodam
257 1753 353 1819 modo
376 1754 506 1819 tollitis.
546 1752 633 1819 Nam
656 1774 749 1820 sacre
771 1775 844 1820 cum
866 1755 1003 1841 pecunia
1024 1777 1102 1840 pon-

91 1843 217 1908 tificum
240 1843 443 1926 auctoritate,
465 1842 558 1907 nulla
580 1843 653 1938 lege
676 1842 848 1908 coniuncta
871 1846 955 1910 sunt.
986 1841 1102 1927 Itaque

94 1931 123 1995 si
146 1952 204 1995 vos
223 1933 353 1994 tanturn
371 1931 467 1996 modo
485 1930 655 2016 pontifices
674 1930 797 2014 essetis,
820 1931 1017 2016 pontificalis
1037 1954 1103 1997 ma·

52 2044 79 2082 ao
94 2022 187 2084 neret
219 2018 410 2102 auctoritas,
443 2019 499 2084 sed
531 2019 616 2103 quod
648 2018 746 2084 iidem
776 2018 857 2084 iuris
889 2019 994 2084 civilis
1022 2019 1101 2084 estis

94 2106 293 2194 peritissimi,
310 2106 372 2172 hac
391 2107 526 2172 scientia
543 2107 636 2172 illam
651 2106 790 2172 eluditis.
819 2105 948 2172 Placuit
961 2106 997 2173 P.
1011 2105 1103 2173 Scae

95 2196 189 2262 volae
208 2198 241 2259 et
259 2194 307 2259 ui.
321 2193 532 2278 Coruncanio,
555 2195 762 2280 pontificibus
782 2196 942 2280 maximis,
959 2196 1102 2280 itemque

95 2283 210 2350 ceteris
233 2304 302 2368 eos,
329 2283 385 2366 qui
407 2283 598 2347 tantundem
621 2287 786 2368 caperent,
810 2287 968 2368 quantum
991 2306 1102 2350 omnes

94 2372 239 2456 heredes,
264 2371 365 2436 sacris
388 2370 526 2456 alligari.
571 2369 686 2436 Habeo
709 2371 760 2437 ius
782 2372 998 2455 pontificium3
1026 2372 1103 2456 quid
1122 2385 1155 2434 53

54 2481 81 2521 aa
96 2460 159 2526 huc
183 2460 317 2525 accessit
336 2481 375 2524 ex
392 2459 462 2525 iure
480 2458 590 2524 civili?
619 2457 811 2524 Partitionis
831 2463 928 2544 caput
947 2459 1103 2543 scriptum

97 2553 198 2633 caute,
220 2552 258 2613 ut
276 2551 406 2614 centum
423 2547 549 2612 nummi
567 2545 811 2629 deducerentur3
833 2547 967 2612 inventa
986 2550 1036 2613 ast
1054 2570 1104 2613 ra-

96 2638 153 2721 tio,
171 2659 228 2702 cur
245 2636 381 2721 pecunia
400 2657 567 2702 sacrorum
586 2635 737 2700 molestia
755 2634 958 2701 liberaretur.
981 2633 1104 2710 Quodsi

96 2726 171 2809 hoc,
203 2725 259 2809 qui
286 2727 519 2790 testamentum
541 2723 696 2806 faciebat,
719 2743 832 2788 cavere
859 2722 1027 2807 noluisset,
1051 2723 1103 2788 ad-

97 2817 209 2878 monet
235 2812 507 2878 iurisconsultus
534 2811 588 2878 hic
616 2811 745 2896 quidem
772 2811 842 2895 ipse
864 2809 1004 2894 Mucius,
1026 2833 1104 2895 pon·

56 2923 83 2963 eo
98 2902 178 2966 tifex
200 2901 296 2984 idern,
317 2904 356 2965 ut
377 2900 484 2966 minus
508 2900 625 2985 capiat,
648 2921 745 2983 quam
765 2899 913 2965 omnibus
931 2899 1103 2966 heredibus

97 2990 316 3073 relinquatur3
355 3011 451 3074 super
491 2988 640 3053 dicebant
677 2987 828 3070 quicquid
860 2987 1012 3072 cepisset,
1049 2986 1103 3052 ad-

98 3078 229 3163 stringi3
247 3099 359 3142 rursus
374 3077 473 3142 sacris
487 3076 676 3142 liberantur.
699 3074 771 3140 Hoc
784 3097 861 3140 vcro
874 3073 958 3142 nihil
973 3074 1013 3139 ad
1026 3095 1104 3160 pon-

98 3166 233 3233 tificium
259 3166 311 3230 ius
334 3169 367 3230 et
390 3186 407 3229 e
429 3163 536 3230 medio
559 3168 609 3229 est
632 3163 700 3228 iure
725 3163 826 3247 civili,
852 3167 890 3228 ut
912 3185 970 3247 per
993 3183 1047 3226 aes
1071 3165 1104 3227 et

97 3256 216 3319 libram
237 3253 390 3319 heredem
412 3252 602 3317 testamenti
625 3252 755 3316 solvant
779 3255 812 3316 et
831 3250 943 3316 eodem
962 3251 1033 3316 loco
1052 3272 1103 3316 res

57 3344 151 3426 assit,
175 3343 268 3426 quasi
290 3364 328 3407 ea
350 3341 486 3426 pecunia
508 3340 619 3425 legata
638 3360 705 3404 non
723 3343 817 3422 esset,
841 3339 869 3404 si
887 3339 926 3422 is,
949 3339 1000 3404 cui
1017 3339 1105 3424 lega·

98 3435 247 3514 tumeat,
269 3430 445 3514 stipulatus
465 3432 513 3493 est
531 3427 565 3492 id
582 3429 699 3512 ipsum,
723 3427 809 3511 quod
826 3427 972 3514 legatum
991 3431 1049 3512 est,
1068 3431 1105 3492 ut

99 3541 137 3584 ea
153 3518 290 3604 pecunia
309 3540 348 3582 ex
366 3516 577 3602 stipulatione
596 3516 760 3600 debeatur,
780 3515 885 3600 sitque
904 3538 942 3581 ea
960 3537 1025 3581 non
1038 3565 1045 3580 .
1058 3565 1064 3581 .
1078 3565 1105 3581 ..
