2478 3936
164 167 229 236 112
472 156 864 218 onnarnmnnonon

159 313 195 382 id
244 311 344 392 otest,
373 304 459 392 quod
485 304 632 370 futurum
659 306 717 368 est.
763 299 865 387 Saepe
893 303 1002 366 autem
1025 300 1170 366 neutile

162 335 291 485 quidem
313 400 364 462 est
388 395 478 479 scire,
501 393 580 477 quid
596 392 743 457 futurum
762 390 819 474 sit3
842 388 996 454 miserum
1015 392 1067 453 est
1086 389 1172 453 enim

160 487 245 556 nihil
276 483 499 571 proficientem
530 481 608 567 angi
638 501 697 545 nec
728 479 848 544 habere
875 499 916 542 ne
943 475 1014 562 spei
1042 477 1172 562 quidem

162 579 343 644 extremum
357 576 390 638 et
403 575 514 638 tamen
527 590 696 636 commune
711 566 876 650 solacium,
890 565 1087 650 praesertim
1101 587 1174 631 cum

162 685 221 734 vos
244 661 342 729 iidem
359 659 429 726 fato
447 657 519 724 fieri
537 657 652 724 dicatis
671 655 789 740 omnia,
812 654 897 740 quod
916 658 1027 718 autem
1045 673 1175 739 semper
1203 675 1217 716 s

164 774 203 822 ex
222 750 311 820 omni
330 747 522 816 aeternitate
540 767 653 812 uerum
671 744 779 829 fuerit,
801 743 836 808 id
854 763 923 808 esse
941 740 1057 807 fatum.
1090 740 1176 817 Quid

164 841 264 928 igitur
287 839 378 906 iuvat
401 840 458 904 aut
477 835 554 921 quid
572 833 678 900 adfert
698 833 738 899 ad
757 831 934 898 cavendum
953 830 1036 896 scire
1051 830 1177 915 aliquid

164 929 320 1012 futurum,
342 949 416 994 curn
438 924 472 992 id
494 927 580 992 certe
601 922 749 988 futurum
772 919 838 986 sit?
873 917 967 984 Unde
989 940 1093 1004 porro
1111 919 1178 984 ista

166 1017 345 1086 divinatio?
390 1013 469 1090 Quis
492 1011 616 1078 invenit
638 1012 752 1075 fissum
774 1007 911 1074 iecoris?
940 1006 1013 1092 quis
1036 1007 1177 1073 comicis

166 1111 298 1178 centurn
324 1103 466 1185 notavit,
497 1101 569 1186 quis
599 1098 720 1164 sortis?
752 1096 869 1181 quibus
893 1117 954 1182 ego
977 1095 1089 1180 oredo,
1118 1117 1178 1161 nee
1192 1116 1218 1156 lo

166 1215 300 1284 possum
318 1189 391 1258 Atti
411 1189 518 1272 Navii,
542 1209 637 1272 quern
655 1184 941 1268 commemorabas,
964 1183 1085 1248 lituum
1106 1205 1179 1250 con·

167 1287 319 1350 temnere.
366 1276 429 1344 Sed
457 1277 511 1362 qui
539 1276 604 1341 istc
626 1273 794 1340 intellecta
817 1273 896 1355 sint,
927 1272 1179 1358 aphilosophis

169 1369 269 1437 debeo
307 1366 441 1450 discere,
477 1363 671 1450 praesertim
709 1383 781 1428 cum
816 1359 966 1446 plurimis
1003 1359 1042 1425 de
1081 1361 1179 1426 rebus

117 1473 149 1527 rt
170 1455 269 1526 divini
296 1455 353 1522 isti
380 1453 588 1520 mentiantur.
633 1449 680 1515 At
707 1449 823 1518 medici
850 1470 977 1533 quoque
1004 1445 1069 1534 (ita
1092 1449 1180 1514 enim

169 1540 312 1628 diceban)
336 1563 432 1628 saepe
454 1540 622 1608 falluntur.
659 1537 743 1614 Quid
766 1537 871 1603 simile
895 1535 1063 1620 medicina,
1087 1538 1179 1602 cuius
1193 1554 1217 1595 u

169 1655 230 1724 ege
258 1632 419 1702 rationem
441 1629 548 1712 uideo,
576 1631 610 1694 et
632 1627 803 1711 divinatio,
830 1647 912 1710 qnae
934 1624 1020 1690 unde
1043 1624 1180 1709 oriatur,

168 1744 235 1792 nen
257 1718 437 1806 intellego?
478 1717 527 1784 Tu
550 1721 659 1782 autem
683 1716 782 1782 etiam
803 1713 976 1779 Deciorum
1000 1712 1180 1779 devotioni-

168 1811 230 1881 bus
253 1810 400 1896 placatos
423 1806 500 1872 deos
519 1827 589 1871 esse
608 1825 728 1870 censes.
764 1801 853 1878 Quae
870 1800 939 1866 fuit.
953 1823 1066 1866 eorum
1084 1807 1181 1868 tanta

168 1897 334 1982 iniquitas,
356 1898 393 1960 ut
416 1893 540 1979 placari
557 1893 679 1978 populo
697 1891 845 1957 Romano
862 1911 929 1955 non
947 1892 1093 1975 possent,
1116 1891 1181 1954 nisi

169 1985 232 2054 viri
255 1984 339 2050 tales
362 1980 577 2046 occidissent?
624 1978 803 2045 Consilium
825 1978 909 2043 illud
931 1977 1181 2062 imperatorium
1194 1997 1217 2036 20

169 2072 247 2154 ruit,
276 2067 362 2154 quod
389 2066 504 2134 Graeci
532 2063 744 2152 στρατήγημα
771 2067 951 2153 appellant,
981 2065 1039 2132 scd
1068 2087 1182 2131 eorum

170 2159 418 2243 imperatorum,
441 2154 498 2239 qui
519 2155 646 2241 patriae
669 2157 888 2238 consulerent,
909 2153 996 2219 vitae
1019 2175 1088 2220 non
1111 2177 1183 2240 par·

172 2247 295 2328 cerent3
321 2243 478 2308 rebantur
506 2243 592 2308 enim
615 2243 685 2309 fore
707 2247 745 2308 ut
768 2243 925 2309 exercitus
949 2243 1183 2327 imperatorem

172 2355 254 2419 equo
277 2331 414 2398 incitato
433 2351 468 2396 se
485 2330 521 2396 in
537 2331 667 2397 hostem
686 2331 904 2398 inmittentem
922 2335 1183 2416 persequeretur,

171 2422 205 2488 id
229 2421 314 2505 quod
332 2417 448 2485 evenit.
483 2417 570 2484 Nam
583 2417 686 2486 Fauni
706 2442 818 2486 vocem
836 2419 984 2503 equidem
1000 2440 1182 2504 numquam
1194 2429 1230 2496 2⁶}

172 2509 295 2593 audivi3
317 2508 388 2592 tibi,
411 2507 439 2572 si
463 2506 624 2574 audivisse
644 2512 678 2573 te
697 2507 785 2591 dicis,
808 2509 945 2591 credam,
968 2507 1030 2572 etsi
1048 2506 1181 2572 Faunus

134 2605 152 2670 ἵ
173 2597 304 2664 omnino
328 2596 405 2682 quid
428 2596 472 2660 sit
494 2595 611 2662 nescio.
655 2595 731 2662 Non
753 2596 855 2682 igitur
877 2595 994 2680 adhuc,
1022 2600 1182 2680 quantum

172 2687 303 2771 quidem
334 2685 428 2750 inte
456 2687 519 2768 est,
550 2682 666 2769 Balbe,
693 2685 849 2770 intellego
878 2682 953 2750 deos
982 2704 1067 2769 esse,
1102 2705 1182 2770 quos

121 2787 154 2836 16
175 2774 323 2857 equidem
354 2771 450 2838 credo
482 2793 565 2855 esse3
597 2772 653 2838 sed
684 2772 767 2837 nihil
794 2772 909 2838 docent
937 2769 1048 2838 Stoici.
1095 2772 1181 2838 Nam

173 2859 362 2944 Cleanthes,
391 2863 428 2925 ut
459 2859 602 2944 dicebas,
634 2863 788 2945 quattuor
819 2861 924 2926 modis
955 2859 1118 2926 formatas
1150 2861 1216 2924 in³⁰

174 2947 290 3014 animis
317 2947 486 3013 hominum
512 2951 608 3034 putat
636 2949 769 3014 deorum
792 2970 862 3013 esse
884 2949 1043 3014 notiones.
1090 2948 1182 3015 Unus

173 3036 201 3102 is
225 3035 339 3100 modus
363 3039 422 3120 est,
444 3035 484 3100 de
507 3057 571 3120 quo
595 3037 681 3102 satis·
699 3037 773 3122 dixi,
796 3036 852 3122 qui
876 3041 926 3102 est
949 3040 1121 3122 susceptus
1145 3059 1182 3102 ex
1228 3045 1229 3048 ’

173 3122 401 3211 praesensione
424 3144 533 3188 rerum
555 3124 748 3212 futurarum,
771 3126 855 3191 alter
874 3146 913 3190 ex
930 3125 1182 3210 perturbationi·

173 3212 234 3278 bus
258 3214 490 3296 tempestatum
513 3214 546 3276 et
568 3212 701 3297 reliquis
724 3213 877 3297 motibus
899 3214 1016 3278 tertius
1040 3235 1080 3278 ex
1099 3235 1181 3280 oom-

174 3300 466 3382 meditatorem,
490 3320 570 3382 quas
589 3301 793 3387 percipimus,
816 3306 849 3367 et
868 3302 970 3387 copia,
989 3307 1126 3386 quartus
1145 3311 1213 3365 exet

175 3390 338 3452 astrorum
361 3388 472 3451 ordine
495 3387 640 3470 caelique
658 3390 850 3454 constantia.
886 3389 936 3454 De
953 3391 1180 3475 praesensione

175 3471 322 3540 diximus.
358 3472 407 3539 De
424 3474 725 3561 perturbationibus
744 3477 939 3544 caelestibus
958 3481 992 3544 et
1007 3477 1181 3544 maritimis
