2490 3950
182 187 203 250 6
486 185 534 239 DE
552 185 703 240 NATURA
720 185 882 241 DEORUM.

182 353 248 396 non
271 331 377 396 solum
404 330 539 414 indocti,
570 331 625 396 sed
649 331 746 395 etiam
770 330 857 396 docti
880 331 1087 416 dissentiant3
1113 354 1205 416 quo·

182 443 255 484 rum
277 419 444 504 opiniones
472 441 544 484 cum
567 423 636 485 tam
658 419 767 484 variae
795 419 861 484 sint
890 423 1022 504 tamque
1044 420 1132 486 inter
1159 443 1202 486 se

183 508 388 592 dissidentes,
418 508 558 572 alterum
586 507 657 572 fieri
685 506 831 591 profecto
858 510 982 592 potest,
1008 512 1046 572 ut
1077 531 1202 574 earum

182 597 283 681 nulla,
306 596 445 662 alterum
463 600 550 661 certe
572 617 637 660 non
655 599 773 679 potest,
796 597 833 660 ut
855 597 929 680 plus
947 618 1013 662 una
1034 619 1114 662 vera
1137 598 1200 661 sit.

148 683 253 760 3Qua
280 684 409 769 quidem
434 685 470 749 in
496 705 593 750 eausa
616 687 648 748 et
675 683 842 749 benivolos
865 684 1093 770 obiurgatores
1122 686 1201 769 pla·
1217 703 1235 742 ⁵¹

183 794 255 839 care
278 777 311 838 et
337 773 465 838 invidos
487 773 725 858 vituperatores
753 771 920 837 confutare
941 794 1132 858 possumus,
1156 778 1202 838 ut

184 864 231 928 alt
217 867 304 927 teros
323 861 565 945 reprehendisse
583 860 757 946 paeniteat,
776 859 872 925 alteri
890 860 1038 926 didicisse
1058 883 1093 926 se
1114 883 1200 948 gau-

183 952 293 1034 deant3
323 949 492 1034 namqui
511 949 685 1014 admonent
712 948 827 1031 amice,
858 948 990 1014 docendi
1012 954 1103 1034 sunt,
1136 951 1200 1034 qui

147 1052 163 1100 a
182 1039 309 1104 inimice
327 1039 430 1103 insect
432 1041 488 1103 ent
490 1059 528 1102 ur
528 1036 739 1189 ,repellendi
774 1035 990 1102 Multumt
934 1041 990 1102 aut
991 1059 1043 1102 ern
1056 999 1197 1102 ιιιιιιεειι

182 1129 275 1193 video
298 1127 337 1190 de
360 1126 453 1190 libris
471 1129 546 1190 nost
547 1125 602 1209 ris,
625 1146 705 1209 quos
728 1125 903 1218 compluris
926 1123 1055 1190 brevit
1040 1129 1196 1210 ternpore
1213 1143 1235 1184 ιι

183 1215 353 1297 edidimus,
379 1213 569 1297 variumque
596 1234 777 1278 sermonem
803 1207 925 1297 partim
947 1213 1196 1297 admirantium,

182 1302 265 1368 uude
287 1303 350 1366 hoc
371 1300 624 1387 philosophandi
645 1301 739 1366 nobis
763 1302 871 1367 subito
899 1301 1042 1366 studium
1065 1303 1196 1368 extitis-

183 1395 241 1475 set,
263 1390 393 1476 partim,
416 1388 493 1473 quid
516 1410 641 1472 quaque
660 1389 699 1454 de
722 1411 756 1454 re
779 1390 859 1455 certi
881 1389 1084 1474 haberemus,
1107 1391 1195 1456 seire

181 1567 276 1633 nobis
303 1565 510 1654 potissimum
536 1565 709 1651 probatam
732 1588 802 1631 esse
824 1565 1081 1650 philosophiam,
1106 1590 1193 1652 quae
1209 1582 1235 1632 ιι

182 1658 287 1722 lucem
310 1655 484 1741 eriperete
467 1659 499 1720 et
522 1654 615 1739 quasi
636 1658 765 1720 noctem
783 1655 944 1755 quandam
967 1655 1064 1720 rebus
1088 1657 1193 1721 offun-

183 1746 284 1828 deret,
313 1744 520 1827 desertaeque
543 1742 732 1827 disciplinae
755 1742 823 1807 et'
813 1765 879 1808 ram
906 1743 1031 1828 pridem
1054 1745 1192 1810 relictae

182 1833 397 1919 patrocinium
410 1830 637 1931 necopinatum
657 1853 676 1894 a
694 1830 787 1895 nobis
806 1851 876 1895 esse
891 1834 1085 1916 susceptum.
1118 1831 1191 1898 Nos

183 1925 291 1986 autem
318 1941 377 1984 neo
404 1919 512 1983 subito
539 1917 703 2003 coepimus
729 1918 954 2019 philosophari
983 1941 1040 1984 nec
1068 1921 1235 1986 medio-

183 2029 269 2074 crem
297 2006 443 2092 aprime
470 2010 616 2106 tempore
644 2007 798 2072 aetatis
788 2029 823 2070 m
850 2028 887 2071 eo
915 2007 1022 2072 studio
1053 2030 1189 2092 operam
1204 2023 1235 2072 su

66 2177 68 2179 Ι
183 2117 355 2180 curamque
383 2093 639 2179 consumpsimus
663 2098 708 2178 et,
735 2116 808 2160 oum
835 2094 966 2160 minime
988 2095 1190 2180 videbamur,

182 2189 253 2248 tum
276 2182 414 2248 maxime
436 2181 760 2267 philosophabamur,
785 2183 870 2266 quod
892 2186 925 2247 et
947 2183 1114 2250 orationes
1138 2185 1189 2250 de·
1234 2229 1235 2236 ι

183 2273 309 2338 clarent
335 2271 472 2336 refertae
501 2269 770 2354 philosophorum
794 2270 962 2335 sententiis
986 2275 1018 2335 et
1041 2271 1189 2340 doctissi-

183 2381 310 2426 morum
332 2359 500 2424 hominum
517 2357 768 2441 familiaritates,
791 2359 907 2442 quibus
926 2381 1053 2445 semper
1071 2361 1188 2426 domus
1234 2425 1235 2428 ,

183 2453 296 2516 nostra
321 2447 444 2530 floruit,
467 2451 501 2512 et
522 2447 682 2532 principes
706 2446 769 2530 illi,
792 2445 965 2530 Diodotus,
988 2447 1099 2532 Philo,
1123 2450 1222 2514 An-25

149 2537 324 2638 sticchas,
346 2535 552 2620 Posidonius,
575 2557 594 2600 a
618 2535 733 2618 quibus
755 2535 898 2600 instituti
872 2539 1045 2601 sturnus.
1090 2537 1136 2602 Et
1160 2538 1188 2602 si

184 2625 291 2692 omnia
322 2624 547 2710 philosophiae
582 2627 757 2707 praecepta
787 2622 970 2688 referuntur
1001 2623 1042 2688 ad
1073 2626 1124 2690 ιιι
1125 2649 1186 2708 am,
1234 2623 1235 2626 ’

184 2714 381 2780 arbitramur
410 2733 470 2778 nos
499 2715 533 2776 et
554 2710 757 2862 publiciset
787 2711 896 2795 privat
897 2711 924 2776 is
956 2712 990 2778 ιιι
1021 2713 1118 2778 rebus
1149 2735 1186 2778 ea

148 2801 393 2886 upracstitisse,
417 2821 499 2884 quae
517 2802 568 2864 rat
569 2799 601 2863 ιο
624 2802 657 2863 et
676 2799 821 2864 doctrina
843 2799 1096 2884 praescripserit
1073 2795 1235 2866 tSin
1234 2809 1235 2824 ³

184 2893 292 2954 autem
311 2889 383 2973 quis
401 2887 546 2990 requirit,
568 2909 650 2971 quae
668 2907 842 2956 causarios
864 2887 1029 2972 inpulerit,
1050 2892 1088 2953 ut
1106 2888 1186 2955 haec
1198 2903 1219 2944 ³⁰

183 2982 252 3042 tam
280 2997 351 3040 sero
379 2975 434 3040 litt
420 2976 498 3040 teris
522 2975 760 3058 mandaremus,
787 2973 943 3040 nihilt
893 2979 969 3128 est„
986 2976 1071 3060 quod
1094 2999 1235 3062 expe
1234 3037 1235 3042 ,

184 3065 251 3129 dire
278 3068 347 3129 tam
373 3063 469 3128 facile
495 3063 666 3148 possimus
711 3061 796 3128 Nam
824 3085 896 3128 cum
923 3063 992 3129 otio
1019 3064 1185 3151 languere·
1234 3073 1235 3142 Ῑ

183 3174 268 3237 mus,
296 3153 369 3218 et'
359 3173 388 3218 ιι
417 3155 502 3218 esset
529 3151 576 3216 rei
607 3151 755 3236 publicae
783 3155 900 3235 status,
927 3155 965 3216 ut
991 3173 1063 3216 eam
1089 3154 1183 3220 unius
1234 3177 1235 3224 ι

182 3241 318 3308 consilio
346 3245 443 3327 atque
470 3263 546 3306 cura
569 3239 745 3326 gubernari
765 3260 893 3305 neeesse
917 3243 1015 3324 esset,
1043 3241 1184 3325 primum
1234 3233 1235 3310 l

182 3330 285 3415 ipsius
308 3329 356 3394 rei
382 3330 531 3415 publicae
554 3349 650 3392 causa
676 3327 918 3478 philosophiam
939 3327 1061 3431 nostris
1084 3328 1184 3394 homi·
1195 3341 1235 3386 ³⁵

182 3418 277 3482 nibus
301 3417 523 3502 explicandam
545 3418 604 3499 put
606 3415 658 3479 avi
656 3416 791 3516 ,magni
819 3415 901 3479 exist
902 3415 1063 3480 imansm
1028 3416 1183 3482 interesse
1234 3415 1235 3496 ᾗ

184 3505 225 3568 ad
247 3505 343 3570 decus
367 3508 399 3569 et
422 3503 463 3569 ad
485 3502 663 3568 laudem
636 3503 777 3568 civitatis
801 3524 852 3567 res
880 3507 949 3568 tam
972 3503 1081 3591 gravis
1104 3508 1183 3570 tam·
