<?xml version="1.0" encoding="UTF-8"?>
<!DOCTYPE html PUBLIC "-//W3C//DTD XHTML 1.0 Transitional//EN"
    "http://www.w3.org/TR/xhtml1/DTD/xhtml1-transitional.dtd">
<html xmlns="http://www.w3.org/1999/xhtml" xml:lang="en" lang="en">
 <head>
  <title>
</title>
<meta http-equiv="Content-Type" content="text/html;charset=utf-8" />
  <meta name='ocr-system' content='tesseract 3.04.00' />
  <meta name='ocr-capabilities' content='ocr_page ocr_carea ocr_par ocr_line ocrx_word'/>
</head>
<body>
  <div class='ocr_page' id='page_1' title='image "./mtulliiciceroni03mlgoog_0397.png"; bbox 0 0 2476 3936; ppageno 0'>
   <div class='ocr_carea' id='block_1_1' title="bbox 165 202 810 270">
    <p class='ocr_par' dir='ltr' id='par_1_1' title="bbox 165 202 810 270">
     <span class='ocr_line' id='line_1_1' title="bbox 165 202 810 270; baseline 0.002 -12"><span class='ocrx_word' id='word_1_1' title='bbox 165 205 231 270; x_wconf 83' lang='grc'>346</span> <span class='ocrx_word' id='word_1_2' title='bbox 521 205 570 259; x_wconf 80' lang='lat' dir='ltr'>DE</span> <span class='ocrx_word' id='word_1_3' title='bbox 588 203 637 258; x_wconf 84' lang='lat' dir='ltr'>RE</span> <span class='ocrx_word' id='word_1_4' title='bbox 654 202 810 259; x_wconf 83' lang='lat' dir='ltr'><strong>PUBLIGA</strong></span> 
     </span>
    </p>
   </div>
   <div class='ocr_carea' id='block_1_2' title="bbox 112 348 1198 1054">
    <p class='ocr_par' dir='ltr' id='par_1_2' title="bbox 165 348 1172 524">
     <span class='ocr_line' id='line_1_2' title="bbox 165 348 1170 435; baseline 0 -21"><span class='ocrx_word' id='word_1_5' title='bbox 165 348 231 414; x_wconf 80' lang='lat' dir='ltr'>Cur</span> <span class='ocrx_word' id='word_1_6' title='bbox 247 349 350 435; x_wconf 82' lang='lat' dir='ltr'>igitur</span> <span class='ocrx_word' id='word_1_7' title='bbox 368 349 446 414; x_wconf 86' lang='lat' dir='ltr'>deus</span> <span class='ocrx_word' id='word_1_8' title='bbox 464 348 598 433; x_wconf 90' lang='lat' dir='ltr'>homini,</span> <span class='ocrx_word' id='word_1_9' title='bbox 621 349 749 414; x_wconf 87' lang='lat' dir='ltr'>animus</span> <span class='ocrx_word' id='word_1_10' title='bbox 766 350 906 435; x_wconf 85' lang='lat' dir='ltr'>imporat</span> <span class='ocrx_word' id='word_1_11' title='bbox 925 348 1063 434; x_wconf 87' lang='lat' dir='ltr'>corpori,</span> <span class='ocrx_word' id='word_1_12' title='bbox 1084 349 1170 414; x_wconf 85' lang='lat' dir='ltr'>ratio</span> 
     </span>
     <span class='ocr_line' id='line_1_3' title="bbox 165 437 1172 524; baseline 0.001 -22"><span class='ocrx_word' id='word_1_13' title='bbox 165 437 292 502; x_wconf 88' lang='lat' dir='ltr'>libidini</span> <span class='ocrx_word' id='word_1_14' title='bbox 310 439 488 522; x_wconf 86' lang='lat' dir='ltr'>ceterisque</span> <span class='ocrx_word' id='word_1_15' title='bbox 506 437 634 513; x_wconf 79' lang='lat' dir='ltr'>vitiosis</span> <span class='ocrx_word' id='word_1_16' title='bbox 654 439 755 504; x_wconf 86' lang='lat' dir='ltr'>animi</span> <span class='ocrx_word' id='word_1_17' title='bbox 767 439 940 524; x_wconf 80' lang='lat' dir='ltr'>partibus?</span> <span class='ocrx_word' id='word_1_18' title='bbox 963 438 1172 522; x_wconf 53' lang='lat' dir='ltr'>(Anaeticus</span> 
     </span>
    </p>

    <p class='ocr_par' dir='ltr' id='par_1_3' title="bbox 137 527 550 610">
     <span class='ocr_line' id='line_1_4' title="bbox 137 527 550 610; baseline -0.002 -18"><span class='ocrx_word' id='word_1_19' title='bbox 137 591 151 604; x_wconf 78' lang='grc'>,</span> <span class='ocrx_word' id='word_1_20' title='bbox 164 528 200 592; x_wconf 76' lang='lat' dir='ltr'>dc</span> <span class='ocrx_word' id='word_1_21' title='bbox 222 527 278 592; x_wconf 83' lang='lat' dir='ltr'>a&#39;v.</span> <span class='ocrx_word' id='word_1_22' title='bbox 299 528 348 591; x_wconf 75' lang='lat' dir='ltr'>dci</span> <span class='ocrx_word' id='word_1_23' title='bbox 370 527 462 591; x_wconf 90' lang='lat' dir='ltr'>XIX</span> <span class='ocrx_word' id='word_1_24' title='bbox 480 528 550 610; x_wconf 65' lang='lat'>22)</span> 
     </span>
    </p>

    <p class='ocr_par' dir='ltr' id='par_1_4' title="bbox 112 590 1198 1054">
     <span class='ocr_line' id='line_1_5' title="bbox 112 590 1175 717; baseline 0.002 -39"><span class='ocrx_word' id='word_1_25' title='bbox 112 590 155 717; x_wconf 58' lang='lat'>{4³</span> <span class='ocrx_word' id='word_1_26' title='bbox 231 615 320 678; x_wconf 70' lang='lat' dir='ltr'>Auci</span> <span class='ocrx_word' id='word_1_27' title='bbox 345 615 561 695; x_wconf 74' lang='lat' dir='ltr'>manifestiora</span> <span class='ocrx_word' id='word_1_28' title='bbox 586 635 665 698; x_wconf 71' lang='lat' dir='ltr'>quae</span> <span class='ocrx_word' id='word_1_29' title='bbox 690 616 776 682; x_wconf 68' lang='lat' dir='ltr'>aar</span> <span class='ocrx_word' id='word_1_30' title='bbox 795 614 950 699; x_wconf 67' lang='lat' dir='ltr'>(ruera)</span> <span class='ocrx_word' id='word_1_31' title='bbox 977 617 1014 681; x_wconf 75' lang='lat' dir='ltr'>a</span> <span class='ocrx_word' id='word_1_32' title='bbox 1037 615 1119 680; x_wconf 71' lang='lat' dir='ltr'>roro</span> <span class='ocrx_word' id='word_1_33' title='bbox 1140 615 1175 680; x_wconf 79' lang='lat' dir='ltr'>a</span> 
     </span>
     <span class='ocr_line' id='line_1_6' title="bbox 163 703 1198 787; baseline -0.004 -19"><span class='ocrx_word' id='word_1_34' title='bbox 163 724 197 768; x_wconf 88' lang='lat' dir='ltr'>re</span> <span class='ocrx_word' id='word_1_35' title='bbox 219 703 347 786; x_wconf 75' lang='lat' dir='ltr'>publico</span> <span class='ocrx_word' id='word_1_36' title='bbox 376 705 475 781; x_wconf 77' lang='lat' dir='ltr'>tertio,</span> <span class='ocrx_word' id='word_1_37' title='bbox 505 723 575 770; x_wconf 83' lang='lat' dir='ltr'>cum</span> <span class='ocrx_word' id='word_1_38' title='bbox 601 709 702 787; x_wconf 77' lang='lat' dir='ltr'>operat</span> <span class='ocrx_word' id='word_1_39' title='bbox 723 706 760 770; x_wconf 81' lang='lat' dir='ltr'>dc</span> <span class='ocrx_word' id='word_1_40' title='bbox 781 725 876 770; x_wconf 81' lang='lat' dir='ltr'>occsa</span> <span class='ocrx_word' id='word_1_41' title='bbox 898 705 1093 786; x_wconf 79' lang='lat' dir='ltr'>imperandi:</span> <span class='ocrx_word' id='word_1_42' title='bbox 1123 703 1198 767; x_wconf 75' lang='lat' dir='ltr'>Ans</span> 
     </span>
     <span class='ocr_line' id='line_1_7' title="bbox 163 791 1175 877; baseline 0.001 -22"><span class='ocrx_word' id='word_1_43' title='bbox 163 813 243 876; x_wconf 91' lang='lat' dir='ltr'>non,</span> <span class='ocrx_word' id='word_1_44' title='bbox 271 793 385 874; x_wconf 78' lang='lat' dir='ltr'>inquit,</span> <span class='ocrx_word' id='word_1_45' title='bbox 415 793 574 858; x_wconf 87' lang='lat' dir='ltr'>cernimus</span> <span class='ocrx_word' id='word_1_46' title='bbox 605 792 729 877; x_wconf 90' lang='lat' dir='ltr'>optimo</span> <span class='ocrx_word' id='word_1_47' title='bbox 758 793 872 877; x_wconf 88' lang='lat' dir='ltr'>cuique</span> <span class='ocrx_word' id='word_1_48' title='bbox 900 791 1109 860; x_wconf 83' lang='lat' dir='ltr'>dominatum</span> <span class='ocrx_word' id='word_1_49' title='bbox 1135 792 1175 857; x_wconf 87' lang='lat' dir='ltr'>ab</span> 
     </span>
     <span class='ocr_line' id='line_1_8' title="bbox 163 881 1175 964; baseline 0.001 -20"><span class='ocrx_word' id='word_1_50' title='bbox 163 881 236 964; x_wconf 87' lang='lat' dir='ltr'>ipsa</span> <span class='ocrx_word' id='word_1_51' title='bbox 257 884 377 946; x_wconf 86' lang='lat' dir='ltr'>natura</span> <span class='ocrx_word' id='word_1_52' title='bbox 399 901 472 945; x_wconf 90' lang='lat' dir='ltr'>cum</span> <span class='ocrx_word' id='word_1_53' title='bbox 495 902 622 945; x_wconf 88' lang='lat' dir='ltr'>summa</span> <span class='ocrx_word' id='word_1_54' title='bbox 643 881 790 947; x_wconf 86' lang='lat' dir='ltr'>utilitate</span> <span class='ocrx_word' id='word_1_55' title='bbox 811 881 1016 946; x_wconf 87' lang='lat' dir='ltr'>infirmorum</span> <span class='ocrx_word' id='word_1_56' title='bbox 1039 881 1175 946; x_wconf 80' lang='lat' dir='ltr'>datum?</span> 
     </span>
     <span class='ocr_line' id='line_1_9' title="bbox 165 967 1176 1054; baseline 0.002 -22"><span class='ocrx_word' id='word_1_57' title='bbox 165 967 230 1033; x_wconf 86' lang='lat' dir='ltr'>Cur</span> <span class='ocrx_word' id='word_1_58' title='bbox 248 969 350 1054; x_wconf 82' lang='lat' dir='ltr'>igitur</span> <span class='ocrx_word' id='word_1_59' title='bbox 369 969 447 1033; x_wconf 83' lang='lat' dir='ltr'>deus</span> <span class='ocrx_word' id='word_1_60' title='bbox 464 969 599 1053; x_wconf 90' lang='lat' dir='ltr'>homini,</span> <span class='ocrx_word' id='word_1_61' title='bbox 622 969 751 1034; x_wconf 87' lang='lat' dir='ltr'>animus</span> <span class='ocrx_word' id='word_1_62' title='bbox 769 971 908 1053; x_wconf 86' lang='lat' dir='ltr'>imperat</span> <span class='ocrx_word' id='word_1_63' title='bbox 927 969 1067 1054; x_wconf 84' lang='lat' dir='ltr'>corpori,</span> <span class='ocrx_word' id='word_1_64' title='bbox 1090 970 1176 1036; x_wconf 87' lang='lat' dir='ltr'>ratio</span> 
     </span>
    </p>
   </div>
   <div class='ocr_carea' id='block_1_3' title="bbox 108 1143 1234 3608">
    <p class='ocr_par' dir='ltr' id='par_1_5' title="bbox 161 1143 1210 2291">
     <span class='ocr_line' id='line_1_10' title="bbox 163 1143 1210 1232; baseline 0.001 -22"><span class='ocrx_word' id='word_1_65' title='bbox 163 1146 336 1230; x_wconf 80' lang='lat' dir='ltr'>partibus?</span> <span class='ocrx_word' id='word_1_66' title='bbox 368 1146 480 1212; x_wconf 77' lang='lat' dir='ltr'>Adbuc</span> <span class='ocrx_word' id='word_1_67' title='bbox 501 1147 593 1224; x_wconf 59' lang='lat' dir='ltr'>cada·</span> <span class='ocrx_word' id='word_1_68' title='bbox 610 1147 708 1228; x_wconf 81' lang='lat' dir='ltr'>paulo</span> <span class='ocrx_word' id='word_1_69' title='bbox 725 1152 799 1229; x_wconf 83' lang='lat' dir='ltr'>post</span> <span class='ocrx_word' id='word_1_70' title='bbox 814 1148 912 1211; x_wconf 80' lang='lat' dir='ltr'>euim:</span> <span class='ocrx_word' id='word_1_71' title='bbox 936 1143 1055 1211; x_wconf 82' lang='lat' dir='ltr'>Sedet</span> <span class='ocrx_word' id='word_1_72' title='bbox 1079 1147 1210 1232; x_wconf 81' lang='lat' dir='ltr'>impe-1⁰</span> 
     </span>
     <span class='ocr_line' id='line_1_11' title="bbox 163 1234 1178 1322; baseline 0.003 -25"><span class='ocrx_word' id='word_1_73' title='bbox 163 1234 258 1298; x_wconf 84' lang='lat' dir='ltr'>randi</span> <span class='ocrx_word' id='word_1_74' title='bbox 280 1237 313 1299; x_wconf 88' lang='lat' dir='ltr'>et</span> <span class='ocrx_word' id='word_1_75' title='bbox 337 1234 505 1318; x_wconf 83' lang='lat' dir='ltr'>serviendi,</span> <span class='ocrx_word' id='word_1_76' title='bbox 527 1236 638 1316; x_wconf 78' lang='lat' dir='ltr'>inquit,</span> <span class='ocrx_word' id='word_1_77' title='bbox 662 1239 739 1300; x_wconf 85' lang='lat' dir='ltr'>sunt</span> <span class='ocrx_word' id='word_1_78' title='bbox 758 1234 1040 1300; x_wconf 75' lang='lat' dir='ltr'>dissimilitudines</span> <span class='ocrx_word' id='word_1_79' title='bbox 1060 1257 1178 1322; x_wconf 83' lang='lat' dir='ltr'>cogno-</span> 
     </span>
     <span class='ocr_line' id='line_1_12' title="bbox 163 1320 1178 1409; baseline 0.004 -25"><span class='ocrx_word' id='word_1_80' title='bbox 163 1321 307 1385; x_wconf 86' lang='lat' dir='ltr'>scendae.</span> <span class='ocrx_word' id='word_1_81' title='bbox 351 1320 438 1386; x_wconf 89' lang='lat' dir='ltr'>Nam</span> <span class='ocrx_word' id='word_1_82' title='bbox 468 1325 506 1386; x_wconf 91' lang='lat' dir='ltr'>ut</span> <span class='ocrx_word' id='word_1_83' title='bbox 538 1321 664 1387; x_wconf 88' lang='lat' dir='ltr'>animus</span> <span class='ocrx_word' id='word_1_84' title='bbox 696 1323 825 1408; x_wconf 79' lang='lat' dir='ltr'>corpori</span> <span class='ocrx_word' id='word_1_85' title='bbox 857 1323 975 1388; x_wconf 88' lang='lat' dir='ltr'>dicitur</span> <span class='ocrx_word' id='word_1_86' title='bbox 1002 1324 1178 1409; x_wconf 83' lang='lat' dir='ltr'>imperare,</span> 
     </span>
     <span class='ocr_line' id='line_1_13' title="bbox 163 1407 1177 1496; baseline 0.008 -25"><span class='ocrx_word' id='word_1_87' title='bbox 163 1407 281 1474; x_wconf 85' lang='lat' dir='ltr'>dicitur</span> <span class='ocrx_word' id='word_1_88' title='bbox 304 1410 404 1490; x_wconf 87' lang='lat' dir='ltr'>etiam</span> <span class='ocrx_word' id='word_1_89' title='bbox 426 1409 568 1494; x_wconf 84' lang='lat' dir='ltr'>libidini,</span> <span class='ocrx_word' id='word_1_90' title='bbox 591 1410 648 1475; x_wconf 87' lang='lat' dir='ltr'>sed</span> <span class='ocrx_word' id='word_1_91' title='bbox 670 1411 798 1496; x_wconf 83' lang='lat' dir='ltr'>corpori</span> <span class='ocrx_word' id='word_1_92' title='bbox 820 1415 858 1476; x_wconf 91' lang='lat' dir='ltr'>ut</span> <span class='ocrx_word' id='word_1_93' title='bbox 880 1433 937 1476; x_wconf 86' lang='lat' dir='ltr'>rex</span> <span class='ocrx_word' id='word_1_94' title='bbox 960 1412 1093 1478; x_wconf 83' lang='lat' dir='ltr'>civibus</span> <span class='ocrx_word' id='word_1_95' title='bbox 1113 1414 1177 1479; x_wconf 87' lang='lat' dir='ltr'>suis</span> 
     </span>
     <span class='ocr_line' id='line_1_14' title="bbox 163 1497 1177 1585; baseline 0.005 -23"><span class='ocrx_word' id='word_1_96' title='bbox 163 1500 221 1562; x_wconf 90' lang='lat' dir='ltr'>aut</span> <span class='ocrx_word' id='word_1_97' title='bbox 247 1519 365 1582; x_wconf 83' lang='lat' dir='ltr'>parens</span> <span class='ocrx_word' id='word_1_98' title='bbox 392 1497 517 1583; x_wconf 90' lang='lat' dir='ltr'>liberis,</span> <span class='ocrx_word' id='word_1_99' title='bbox 541 1498 673 1585; x_wconf 90' lang='lat' dir='ltr'>libidini</span> <span class='ocrx_word' id='word_1_100' title='bbox 695 1505 805 1565; x_wconf 87' lang='lat' dir='ltr'>autem</span> <span class='ocrx_word' id='word_1_101' title='bbox 827 1504 865 1564; x_wconf 89' lang='lat' dir='ltr'>ut</span> <span class='ocrx_word' id='word_1_102' title='bbox 887 1500 990 1566; x_wconf 82' lang='lat' dir='ltr'>servis</span> <span class='ocrx_word' id='word_1_103' title='bbox 1015 1501 1177 1585; x_wconf 87' lang='lat' dir='ltr'>dominus,</span> 
     </span>
     <span class='ocr_line' id='line_1_15' title="bbox 163 1586 1208 1676; baseline 0.004 -26"><span class='ocrx_word' id='word_1_104' title='bbox 163 1586 251 1670; x_wconf 88' lang='lat' dir='ltr'>quod</span> <span class='ocrx_word' id='word_1_105' title='bbox 278 1608 349 1650; x_wconf 89' lang='lat' dir='ltr'>eam</span> <span class='ocrx_word' id='word_1_106' title='bbox 372 1591 497 1652; x_wconf 71' lang='lat' dir='ltr'>coercet</span> <span class='ocrx_word' id='word_1_107' title='bbox 520 1591 552 1651; x_wconf 91' lang='lat' dir='ltr'>et</span> <span class='ocrx_word' id='word_1_108' title='bbox 575 1587 714 1674; x_wconf 84' lang='lat' dir='ltr'>frangit,</span> <span class='ocrx_word' id='word_1_109' title='bbox 743 1589 790 1654; x_wconf 92' lang='lat' dir='ltr'>sic</span> <span class='ocrx_word' id='word_1_110' title='bbox 811 1609 939 1674; x_wconf 80' lang='lat' dir='ltr'>regum,</span> <span class='ocrx_word' id='word_1_111' title='bbox 967 1589 1014 1654; x_wconf 87' lang='lat' dir='ltr'>sic</span> <span class='ocrx_word' id='word_1_112' title='bbox 1038 1590 1178 1676; x_wconf 77' lang='lat' dir='ltr'>impera</span> <span class='ocrx_word' id='word_1_113' title='bbox 1189 1608 1208 1648; x_wconf 87' lang='lat'>1⁵</span> 
     </span>
     <span class='ocr_line' id='line_1_16' title="bbox 163 1675 1177 1764; baseline 0.007 -26"><span class='ocrx_word' id='word_1_114' title='bbox 163 1678 286 1758; x_wconf 89' lang='lat' dir='ltr'>torum,</span> <span class='ocrx_word' id='word_1_115' title='bbox 310 1675 356 1740; x_wconf 91' lang='lat' dir='ltr'>sic</span> <span class='ocrx_word' id='word_1_116' title='bbox 379 1676 647 1761; x_wconf 71' lang='lat' dir='ltr'>magistratuum,</span> <span class='ocrx_word' id='word_1_117' title='bbox 670 1676 716 1741; x_wconf 90' lang='lat' dir='ltr'>sic</span> <span class='ocrx_word' id='word_1_118' title='bbox 740 1681 885 1762; x_wconf 88' lang='lat' dir='ltr'>patrum,</span> <span class='ocrx_word' id='word_1_119' title='bbox 908 1677 955 1742; x_wconf 87' lang='lat' dir='ltr'>sic</span> <span class='ocrx_word' id='word_1_120' title='bbox 976 1680 1177 1764; x_wconf 89' lang='lat' dir='ltr'>populorum</span> 
     </span>
     <span class='ocr_line' id='line_1_17' title="bbox 163 1763 1177 1852; baseline 0.007 -25"><span class='ocrx_word' id='word_1_121' title='bbox 163 1763 301 1848; x_wconf 86' lang='lat' dir='ltr'>imperia</span> <span class='ocrx_word' id='word_1_122' title='bbox 324 1764 448 1830; x_wconf 82' lang='lat' dir='ltr'>civibus</span> <span class='ocrx_word' id='word_1_123' title='bbox 472 1764 631 1849; x_wconf 89' lang='lat' dir='ltr'>sociisque</span> <span class='ocrx_word' id='word_1_124' title='bbox 653 1770 809 1850; x_wconf 82' lang='lat' dir='ltr'>praesunt</span> <span class='ocrx_word' id='word_1_125' title='bbox 841 1769 878 1829; x_wconf 90' lang='lat' dir='ltr'>ut</span> <span class='ocrx_word' id='word_1_126' title='bbox 896 1767 1095 1852; x_wconf 79' lang='lat' dir='ltr'>corporibus</span> <span class='ocrx_word' id='word_1_127' title='bbox 1115 1768 1177 1833; x_wconf 86' lang='lat' dir='ltr'>ani·</span> 
     </span>
     <span class='ocr_line' id='line_1_18' title="bbox 162 1851 1176 1943; baseline 0.007 -28"><span class='ocrx_word' id='word_1_128' title='bbox 162 1873 245 1935; x_wconf 88' lang='lat' dir='ltr'>mus,</span> <span class='ocrx_word' id='word_1_129' title='bbox 264 1851 385 1917; x_wconf 91' lang='lat' dir='ltr'>domini</span> <span class='ocrx_word' id='word_1_130' title='bbox 403 1857 512 1917; x_wconf 89' lang='lat' dir='ltr'>autem</span> <span class='ocrx_word' id='word_1_131' title='bbox 531 1874 641 1918; x_wconf 87' lang='lat' dir='ltr'>servos</span> <span class='ocrx_word' id='word_1_132' title='bbox 659 1854 708 1918; x_wconf 84' lang='lat' dir='ltr'>ita</span> <span class='ocrx_word' id='word_1_133' title='bbox 725 1855 877 1940; x_wconf 84' lang='lat' dir='ltr'>fatigant,</span> <span class='ocrx_word' id='word_1_134' title='bbox 896 1858 933 1919; x_wconf 91' lang='lat' dir='ltr'>ut</span> <span class='ocrx_word' id='word_1_135' title='bbox 952 1855 1085 1941; x_wconf 86' lang='lat' dir='ltr'>optima</span> <span class='ocrx_word' id='word_1_136' title='bbox 1102 1879 1176 1943; x_wconf 87' lang='lat' dir='ltr'>pars</span> 
     </span>
     <span class='ocr_line' id='line_1_19' title="bbox 163 1939 1177 2026; baseline 0.007 -22"><span class='ocrx_word' id='word_1_137' title='bbox 163 1939 277 2023; x_wconf 85' lang='lat' dir='ltr'>animi,</span> <span class='ocrx_word' id='word_1_138' title='bbox 299 1940 333 2005; x_wconf 90' lang='lat' dir='ltr'>id</span> <span class='ocrx_word' id='word_1_139' title='bbox 356 1943 406 2004; x_wconf 87' lang='lat' dir='ltr'>est</span> <span class='ocrx_word' id='word_1_140' title='bbox 429 1941 602 2026; x_wconf 82' lang='lat' dir='ltr'>sapientia,</span> <span class='ocrx_word' id='word_1_141' title='bbox 626 1941 768 2007; x_wconf 90' lang='lat' dir='ltr'>eiusdem</span> <span class='ocrx_word' id='word_1_142' title='bbox 792 1943 891 2007; x_wconf 88' lang='lat' dir='ltr'>animi</span> <span class='ocrx_word' id='word_1_143' title='bbox 913 1943 1052 2009; x_wconf 86' lang='lat' dir='ltr'>vitiosas</span> <span class='ocrx_word' id='word_1_144' title='bbox 1079 1946 1177 2011; x_wconf 82' lang='lat' dir='ltr'>imbe</span> 
     </span>
     <span class='ocr_line' id='line_1_20' title="bbox 163 2028 1209 2118; baseline 0.006 -26"><span class='ocrx_word' id='word_1_145' title='bbox 163 2028 320 2112; x_wconf 88' lang='lat' dir='ltr'>cillasque</span> <span class='ocrx_word' id='word_1_146' title='bbox 339 2033 458 2113; x_wconf 90' lang='lat' dir='ltr'>partes,</span> <span class='ocrx_word' id='word_1_147' title='bbox 481 2033 519 2094; x_wconf 93' lang='lat' dir='ltr'>ut</span> <span class='ocrx_word' id='word_1_148' title='bbox 537 2029 699 2114; x_wconf 89' lang='lat' dir='ltr'>libidines,</span> <span class='ocrx_word' id='word_1_149' title='bbox 721 2035 759 2095; x_wconf 87' lang='lat' dir='ltr'>ut</span> <span class='ocrx_word' id='word_1_150' title='bbox 776 2031 968 2114; x_wconf 64' lang='lat' dir='ltr'>iracundias</span> <span class='ocrx_word' id='word_1_151' title='bbox 991 2036 1030 2096; x_wconf 87' lang='lat' dir='ltr'>ut</span> <span class='ocrx_word' id='word_1_152' title='bbox 1047 2038 1175 2118; x_wconf 82' lang='lat' dir='ltr'>portur·</span> <span class='ocrx_word' id='word_1_153' title='bbox 1188 2051 1209 2090; x_wconf 74' lang='lat'>2⁰</span> 
     </span>
     <span class='ocr_line' id='line_1_21' title="bbox 162 2115 1175 2206; baseline 0.006 -27"><span class='ocrx_word' id='word_1_154' title='bbox 162 2115 311 2180; x_wconf 88' lang='lat' dir='ltr'>bationes</span> <span class='ocrx_word' id='word_1_155' title='bbox 340 2120 471 2182; x_wconf 84' lang='lat' dir='ltr'>ceteras.</span> <span class='ocrx_word' id='word_1_156' title='bbox 510 2117 723 2201; x_wconf 72' lang='lat' dir='ltr'>(Accpcstc&#39;ncs</span> <span class='ocrx_word' id='word_1_157' title='bbox 750 2125 856 2186; x_wconf 76' lang='lat' dir='ltr'>contro</span> <span class='ocrx_word' id='word_1_158' title='bbox 877 2119 1046 2187; x_wconf 75' lang='lat' dir='ltr'>Iulianum</span> <span class='ocrx_word' id='word_1_159' title='bbox 1070 2123 1175 2206; x_wconf 79' lang='lat' dir='ltr'>Pelap.</span> 
     </span>
     <span class='ocr_line' id='line_1_22' title="bbox 161 2202 720 2291; baseline 0.007 -23"><span class='ocrx_word' id='word_1_160' title='bbox 161 2202 222 2269; x_wconf 85' lang='lat' dir='ltr'>IV</span> <span class='ocrx_word' id='word_1_161' title='bbox 238 2208 289 2268; x_wconf 81' lang='lat'>12.</span> <span class='ocrx_word' id='word_1_162' title='bbox 312 2209 353 2268; x_wconf 89' lang='lat'>61</span> <span class='ocrx_word' id='word_1_163' title='bbox 372 2206 407 2270; x_wconf 82' lang='lat' dir='ltr'>T.</span> <span class='ocrx_word' id='word_1_164' title='bbox 431 2206 514 2289; x_wconf 85' lang='lat' dir='ltr'>Xp.</span> <span class='ocrx_word' id='word_1_165' title='bbox 538 2212 601 2272; x_wconf 80' lang='lat'>613</span> <span class='ocrx_word' id='word_1_166' title='bbox 622 2207 720 2291; x_wconf 74' lang='lat' dir='ltr'>Bes.)</span> 
     </span>
    </p>

    <p class='ocr_par' dir='ltr' id='par_1_6' title="bbox 160 2291 1207 2823">
     <span class='ocr_line' id='line_1_23' title="bbox 229 2291 1174 2384; baseline 0.01 -27"><span class='ocrx_word' id='word_1_167' title='bbox 229 2291 341 2357; x_wconf 75' lang='lat' dir='ltr'>Nonae</span> <span class='ocrx_word' id='word_1_168' title='bbox 363 2292 467 2359; x_wconf 71' lang='lat' dir='ltr'>(b&#39;cero</span> <span class='ocrx_word' id='word_1_169' title='bbox 488 2296 525 2359; x_wconf 82' lang='lat' dir='ltr'>in</span> <span class='ocrx_word' id='word_1_170' title='bbox 547 2295 635 2361; x_wconf 66' lang='lat' dir='ltr'>zoro</span> <span class='ocrx_word' id='word_1_171' title='bbox 656 2297 694 2362; x_wconf 81' lang='lat' dir='ltr'>de</span> <span class='ocrx_word' id='word_1_172' title='bbox 714 2298 905 2380; x_wconf 74' lang='lat' dir='ltr'>republica,</span> <span class='ocrx_word' id='word_1_173' title='bbox 926 2318 997 2364; x_wconf 83' lang='lat' dir='ltr'>cum</span> <span class='ocrx_word' id='word_1_174' title='bbox 1019 2301 1058 2365; x_wconf 81' lang='lat' dir='ltr'>de</span> <span class='ocrx_word' id='word_1_175' title='bbox 1082 2303 1174 2384; x_wconf 80' lang='lat' dir='ltr'>impe-</span> 
     </span>
     <span class='ocr_line' id='line_1_24' title="bbox 160 2380 1175 2465; baseline 0.011 -21"><span class='ocrx_word' id='word_1_176' title='bbox 160 2380 283 2446; x_wconf 76' lang='lat' dir='ltr'>riorum</span> <span class='ocrx_word' id='word_1_177' title='bbox 308 2381 484 2461; x_wconf 62' lang='lat' dir='ltr'>differentis</span> <span class='ocrx_word' id='word_1_178' title='bbox 509 2383 681 2465; x_wconf 78' lang='lat' dir='ltr'>disputaret</span> <span class='ocrx_word' id='word_1_179' title='bbox 705 2390 735 2450; x_wconf 78' lang='lat' dir='ltr'>et</span> <span class='ocrx_word' id='word_1_180' title='bbox 755 2385 848 2451; x_wconf 79' lang='lat' dir='ltr'>baias</span> <span class='ocrx_word' id='word_1_181' title='bbox 869 2386 916 2451; x_wconf 80' lang='lat' dir='ltr'>rei</span> <span class='ocrx_word' id='word_1_182' title='bbox 936 2388 1175 2454; x_wconf 69' lang='lat' dir='ltr'>similitudines</span> 
     </span>
     <span class='ocr_line' id='line_1_25' title="bbox 161 2469 1207 2562; baseline 0.008 -28"><span class='ocrx_word' id='word_1_183' title='bbox 161 2488 199 2534; x_wconf 77' lang='lat' dir='ltr'>cc</span> <span class='ocrx_word' id='word_1_184' title='bbox 227 2473 344 2534; x_wconf 71' lang='lat' dir='ltr'>nobem</span> <span class='ocrx_word' id='word_1_185' title='bbox 369 2469 503 2535; x_wconf 78' lang='lat' dir='ltr'>hominis</span> <span class='ocrx_word' id='word_1_186' title='bbox 529 2473 712 2552; x_wconf 74' lang='lat' dir='ltr'>adsumeret,</span> <span class='ocrx_word' id='word_1_187' title='bbox 741 2477 778 2538; x_wconf 89' lang='lat' dir='ltr'>ut</span> <span class='ocrx_word' id='word_1_188' title='bbox 804 2474 881 2538; x_wconf 92' lang='lat' dir='ltr'>filiis</span> <span class='ocrx_word' id='word_1_189' title='bbox 908 2476 990 2540; x_wconf 72' lang='lat' dir='ltr'>dicit</span> <span class='ocrx_word' id='word_1_190' title='bbox 1016 2476 1207 2562; x_wconf 73' lang='lat' dir='ltr'>imperaris</span> 
     </span>
     <span class='ocr_line' id='line_1_26' title="bbox 162 2556 1175 2650; baseline 0.01 -30"><span class='ocrx_word' id='word_1_191' title='bbox 162 2556 307 2641; x_wconf 86' lang='lat' dir='ltr'>corporis</span> <span class='ocrx_word' id='word_1_192' title='bbox 325 2558 480 2623; x_wconf 86' lang='lat' dir='ltr'>membris</span> <span class='ocrx_word' id='word_1_193' title='bbox 499 2563 634 2644; x_wconf 87' lang='lat' dir='ltr'>propter</span> <span class='ocrx_word' id='word_1_194' title='bbox 652 2561 844 2627; x_wconf 88' lang='lat' dir='ltr'>oboediendi</span> <span class='ocrx_word' id='word_1_195' title='bbox 856 2563 1062 2650; x_wconf 82' lang='lat' dir='ltr'>facilitatem,</span> <span class='ocrx_word' id='word_1_196' title='bbox 1081 2566 1175 2630; x_wconf 82' lang='lat' dir='ltr'>vitio</span> 
     </span>
     <span class='ocr_line' id='line_1_27' title="bbox 162 2647 1173 2740; baseline 0.013 -33"><span class='ocrx_word' id='word_1_197' title='bbox 162 2664 215 2708; x_wconf 85' lang='lat' dir='ltr'>sas</span> <span class='ocrx_word' id='word_1_198' title='bbox 245 2666 322 2710; x_wconf 85' lang='lat' dir='ltr'>vero</span> <span class='ocrx_word' id='word_1_199' title='bbox 356 2647 456 2711; x_wconf 89' lang='lat' dir='ltr'>animi</span> <span class='ocrx_word' id='word_1_200' title='bbox 487 2651 597 2731; x_wconf 85' lang='lat' dir='ltr'>partes</span> <span class='ocrx_word' id='word_1_201' title='bbox 629 2653 666 2714; x_wconf 90' lang='lat' dir='ltr'>ut</span> <span class='ocrx_word' id='word_1_202' title='bbox 698 2671 809 2726; x_wconf 84' lang='lat' dir='ltr'>servos</span> <span class='ocrx_word' id='word_1_203' title='bbox 842 2651 1005 2736; x_wconf 85' lang='lat' dir='ltr'>asperiore</span> <span class='ocrx_word' id='word_1_204' title='bbox 1034 2653 1173 2740; x_wconf 85' lang='lat' dir='ltr'>imperio</span> 
     </span>
     <span class='ocr_line' id='line_1_28' title="bbox 161 2732 974 2823; baseline 0.014 -28"><span class='ocrx_word' id='word_1_205' title='bbox 161 2732 324 2798; x_wconf 64' lang='lat' dir='ltr'>coerceri?</span> <span class='ocrx_word' id='word_1_206' title='bbox 360 2734 571 2818; x_wconf 73' lang='lat' dir='ltr'>(Aapcoticus</span> <span class='ocrx_word' id='word_1_207' title='bbox 592 2737 629 2801; x_wconf 77' lang='lat' dir='ltr'>de</span> <span class='ocrx_word' id='word_1_208' title='bbox 650 2739 704 2804; x_wconf 80' lang='lat' dir='ltr'>civ.</span> <span class='ocrx_word' id='word_1_209' title='bbox 727 2739 776 2804; x_wconf 81' lang='lat' dir='ltr'>dci</span> <span class='ocrx_word' id='word_1_210' title='bbox 798 2737 889 2805; x_wconf 86' lang='lat' dir='ltr'>XIV</span> <span class='ocrx_word' id='word_1_211' title='bbox 906 2738 974 2823; x_wconf 83' lang='lat'><strong><em>23.)</em></strong></span> 
     </span>
    </p>

    <p class='ocr_par' dir='ltr' id='par_1_7' title="bbox 161 2821 1205 3167">
     <span class='ocr_line' id='line_1_29' title="bbox 227 2821 1172 2918; baseline 0.014 -34"><span class='ocrx_word' id='word_1_212' title='bbox 227 2821 275 2884; x_wconf 87' lang='lat' dir='ltr'>M.</span> <span class='ocrx_word' id='word_1_213' title='bbox 301 2821 423 2888; x_wconf 77' lang='lat' dir='ltr'>Tullius</span> <span class='ocrx_word' id='word_1_214' title='bbox 443 2825 480 2888; x_wconf 79' lang='lat' dir='ltr'>dc</span> <span class='ocrx_word' id='word_1_215' title='bbox 501 2825 677 2906; x_wconf 72' lang='lat' dir='ltr'>republica</span> <span class='ocrx_word' id='word_1_216' title='bbox 700 2826 750 2891; x_wconf 75' lang='lat' dir='ltr'>ab.</span> <span class='ocrx_word' id='word_1_217' title='bbox 768 2826 848 2891; x_wconf 90' lang='lat' dir='ltr'><em>III:</em></span> <span class='ocrx_word' id='word_1_218' title='bbox 870 2826 934 2893; x_wconf 82' lang='lat' dir='ltr'>Est</span> <span class='ocrx_word' id='word_1_219' title='bbox 956 2829 1045 2895; x_wconf 89' lang='lat' dir='ltr'>enim</span> <span class='ocrx_word' id='word_1_220' title='bbox 1069 2853 1172 2918; x_wconf 86' lang='lat' dir='ltr'>genus</span> 
     </span>
     <span class='ocr_line' id='line_1_30' title="bbox 161 2904 1205 3005; baseline 0.016 -37"><span class='ocrx_word' id='word_1_221' title='bbox 161 2904 301 2971; x_wconf 88' lang='lat' dir='ltr'>iniustae</span> <span class='ocrx_word' id='word_1_222' title='bbox 325 2910 505 2995; x_wconf 85' lang='lat' dir='ltr'>servitutis,</span> <span class='ocrx_word' id='word_1_223' title='bbox 528 2935 601 2978; x_wconf 86' lang='lat' dir='ltr'>cum</span> <span class='ocrx_word' id='word_1_224' title='bbox 623 2913 648 2977; x_wconf 90' lang='lat' dir='ltr'>ii</span> <span class='ocrx_word' id='word_1_225' title='bbox 671 2917 747 2979; x_wconf 91' lang='lat' dir='ltr'>sunt</span> <span class='ocrx_word' id='word_1_226' title='bbox 771 2915 919 3001; x_wconf 84' lang='lat' dir='ltr'>alterius,</span> <span class='ocrx_word' id='word_1_227' title='bbox 943 2917 999 3000; x_wconf 90' lang='lat' dir='ltr'>qui</span> <span class='ocrx_word' id='word_1_228' title='bbox 1022 2920 1076 2984; x_wconf 87' lang='lat' dir='ltr'>sui</span> <span class='ocrx_word' id='word_1_229' title='bbox 1099 2934 1205 3005; x_wconf 79' lang='lat' dir='ltr'>pos-³⁰</span> 
     </span>
     <span class='ocr_line' id='line_1_31' title="bbox 163 2997 1172 3167; baseline 0.017 -111"><span class='ocrx_word' id='word_1_230' title='bbox 163 2997 238 3057; x_wconf 91' lang='lat' dir='ltr'>sunt</span> <span class='ocrx_word' id='word_1_231' title='bbox 267 3015 353 3167; x_wconf 59' lang='lat' dir='ltr'>csse,</span> <span class='ocrx_word' id='word_1_232' title='bbox 383 3020 456 3063; x_wconf 88' lang='lat' dir='ltr'>cum</span> <span class='ocrx_word' id='word_1_233' title='bbox 483 3004 593 3066; x_wconf 86' lang='lat' dir='ltr'>autem</span> <span class='ocrx_word' id='word_1_234' title='bbox 620 3001 645 3066; x_wconf 89' lang='lat' dir='ltr'>ii</span> <span class='ocrx_word' id='word_1_235' title='bbox 671 3003 897 3069; x_wconf 82' lang='lat' dir='ltr'>famulantur.</span> <span class='ocrx_word' id='word_1_236' title='bbox 920 3053 928 3070; x_wconf 90' lang='lat'><strong>.</strong></span> <span class='ocrx_word' id='word_1_237' title='bbox 951 3053 991 3071; x_wconf 89' lang='lat'>..</span> <span class='ocrx_word' id='word_1_238' title='bbox 1029 3007 1172 3090; x_wconf 79' lang='lat' dir='ltr'>(Nonius</span> 
     </span>
    </p>

    <p class='ocr_par' dir='ltr' id='par_1_8' title="bbox 108 3145 1234 3444">
     <span class='ocr_line' id='line_1_32' title="bbox 108 3145 1171 3270; baseline 0.016 -37"><span class='ocrx_word' id='word_1_239' title='bbox 108 3145 152 3270; x_wconf 63' lang='grc' dir='ltr'>ἕξ</span> <span class='ocrx_word' id='word_1_240' title='bbox 228 3169 266 3236; x_wconf 60' lang='grc' dir='ltr'>ει·</span> <span class='ocrx_word' id='word_1_241' title='bbox 294 3173 410 3250; x_wconf 72' lang='lat' dir='ltr'>saera,</span> <span class='ocrx_word' id='word_1_242' title='bbox 438 3175 540 3256; x_wconf 64' lang='lat' dir='ltr'>taqua</span> <span class='ocrx_word' id='word_1_243' title='bbox 561 3176 746 3259; x_wconf 74' lang='lat' dir='ltr'>cameaces,</span> <span class='ocrx_word' id='word_1_244' title='bbox 775 3182 912 3264; x_wconf 67' lang='lat' dir='ltr'>aspidem</span> <span class='ocrx_word' id='word_1_245' title='bbox 938 3183 1050 3248; x_wconf 73' lang='lat' dir='ltr'>oaaza</span> <span class='ocrx_word' id='word_1_246' title='bbox 1078 3185 1171 3249; x_wconf 75' lang='lat' dir='ltr'>aare</span> 
     </span>
     <span class='ocr_line' id='line_1_33' title="bbox 162 3259 1234 3362; baseline 0.015 -41"><span class='ocrx_word' id='word_1_247' title='bbox 162 3259 332 3337; x_wconf 62' lang='lat' dir='ltr'>uspiam</span> <span class='ocrx_word' id='word_1_248' title='bbox 347 3261 421 3325; x_wconf 79' lang='lat' dir='ltr'>celle</span> <span class='ocrx_word' id='word_1_249' title='bbox 438 3263 572 3343; x_wconf 75' lang='lat' dir='ltr'>aliquem</span> <span class='ocrx_word' id='word_1_250' title='bbox 589 3267 811 3349; x_wconf 57' lang='lat' dir='ltr'>imprudentem</span> <span class='ocrx_word' id='word_1_251' title='bbox 827 3289 919 3351; x_wconf 80' lang='lat' dir='ltr'>super</span> <span class='ocrx_word' id='word_1_252' title='bbox 934 3291 1005 3336; x_wconf 84' lang='lat' dir='ltr'>cam</span> <span class='ocrx_word' id='word_1_253' title='bbox 1026 3274 1169 3355; x_wconf 70' lang='lat' dir='ltr'>assidere,</span> <span class='ocrx_word' id='word_1_254' title='bbox 1233 3315 1234 3362; x_wconf 78' lang='lat'>,</span> 
     </span>
     <span class='ocr_line' id='line_1_34' title="bbox 161 3346 1234 3444; baseline 0.02 -38"><span class='ocrx_word' id='word_1_255' title='bbox 161 3346 249 3444; x_wconf 59' lang='lat' dir='ltr'>craias</span> <span class='ocrx_word' id='word_1_256' title='bbox 270 3365 354 3410; x_wconf 72' lang='lat' dir='ltr'>paors</span> <span class='ocrx_word' id='word_1_257' title='bbox 376 3348 432 3412; x_wconf 79' lang='lat' dir='ltr'>tibi</span> <span class='ocrx_word' id='word_1_258' title='bbox 454 3351 688 3419; x_wconf 75' lang='lat' dir='ltr'>emolumentum</span> <span class='ocrx_word' id='word_1_259' title='bbox 703 3356 815 3436; x_wconf 72' lang='lat' dir='ltr'>pictura</span> <span class='ocrx_word' id='word_1_260' title='bbox 831 3359 880 3435; x_wconf 78' lang='lat' dir='ltr'>sit,</span> <span class='ocrx_word' id='word_1_261' title='bbox 902 3359 1037 3440; x_wconf 77' lang='lat' dir='ltr'>improbe</span> <span class='ocrx_word' id='word_1_262' title='bbox 1052 3359 1167 3442; x_wconf 73' lang='lat' dir='ltr'>seceris,</span> <span class='ocrx_word' id='word_1_263' title='bbox 1180 3373 1203 3417; x_wconf 75' lang='lat'>⁸⁵</span> <span class='ocrx_word' id='word_1_264' title='bbox 1233 3365 1234 3372; x_wconf 77' lang='grc'>’</span> 
     </span>
    </p>

    <p class='ocr_par' dir='ltr' id='par_1_9' title="bbox 160 3435 1168 3533">
     <span class='ocr_line' id='line_1_35' title="bbox 160 3435 1168 3533; baseline 0.023 -41"><span class='ocrx_word' id='word_1_265' title='bbox 160 3448 224 3528; x_wconf 72' lang='lat' dir='ltr'>asse</span> <span class='ocrx_word' id='word_1_266' title='bbox 249 3435 417 3533; x_wconf 61' lang='lat' dir='ltr'>mulmis,</span> <span class='ocrx_word' id='word_1_267' title='bbox 448 3453 487 3499; x_wconf 82' lang='lat' dir='ltr'>ne</span> <span class='ocrx_word' id='word_1_268' title='bbox 512 3439 642 3519; x_wconf 60' lang='lat' dir='ltr'>occido,</span> <span class='ocrx_word' id='word_1_269' title='bbox 674 3445 728 3516; x_wconf 78' lang='lat' dir='ltr'>sed</span> <span class='ocrx_word' id='word_1_270' title='bbox 752 3446 903 3527; x_wconf 78' lang='lat' dir='ltr'>impunite</span> <span class='ocrx_word' id='word_1_271' title='bbox 930 3451 1047 3525; x_wconf 68' lang='lat' dir='ltr'>tamem</span> <span class='ocrx_word' id='word_1_272' title='bbox 1078 3450 1168 3514; x_wconf 76' lang='lat' dir='ltr'>scr&#39;ssc</span> 
     </span>
    </p>

    <p class='ocr_par' dir='ltr' id='par_1_10' title="bbox 160 3522 1234 3608">
     <span class='ocr_line' id='line_1_36' title="bbox 160 3522 1234 3608; baseline 0.024 -31"><span class='ocrx_word' id='word_1_273' title='bbox 160 3533 242 3579; x_wconf 80' lang='lat' dir='ltr'>eccm</span> <span class='ocrx_word' id='word_1_274' title='bbox 265 3522 292 3580; x_wconf 80' lang='lat' dir='ltr'>tc</span> <span class='ocrx_word' id='word_1_275' title='bbox 313 3537 383 3598; x_wconf 76' lang='lat' dir='ltr'>quas</span> <span class='ocrx_word' id='word_1_276' title='bbox 404 3539 564 3603; x_wconf 74' lang='lat' dir='ltr'>coarpcere</span> <span class='ocrx_word' id='word_1_277' title='bbox 580 3529 703 3608; x_wconf 76' lang='lat' dir='ltr'>possit?</span> <span class='ocrx_word' id='word_1_278' title='bbox 739 3531 803 3598; x_wconf 78' lang='lat' dir='ltr'>Sed</span> <span class='ocrx_word' id='word_1_279' title='bbox 821 3533 917 3599; x_wconf 75' lang='lat' dir='ltr'>nimis</span> <span class='ocrx_word' id='word_1_280' title='bbox 938 3535 1046 3602; x_wconf 69' lang='lat' dir='ltr'>marita.</span> <span class='ocrx_word' id='word_1_281' title='bbox 1091 3535 1168 3602; x_wconf 85' lang='lat' dir='ltr'>Per-</span> <span class='ocrx_word' id='word_1_282' title='bbox 1233 3537 1234 3572; x_wconf 63' lang='lat' dir='ltr'>l</span> 
     </span>
    </p>
   </div>
   <div class='ocr_carea' id='block_1_4' title="bbox 0 0 1242 3936">
    <p class='ocr_par' dir='ltr' id='par_1_11' title="bbox 0 0 1242 3936">
     <span class='ocr_line' id='line_1_37' title="bbox 0 0 1242 3936; baseline 0 0"><span class='ocrx_word' id='word_1_283' title='bbox 0 0 1242 3936; x_wconf 95' lang='lat' dir='ltr'> </span> 
     </span>
    </p>
   </div>
  </div>
 </body>
</html>
