2478 3936
154 149 198 214 50
472 143 521 197 11
539 142 866 199 1110111101111

118 312 135 360 1
154 291 244 357 cultu
267 291 408 373 deorum,
431 289 535 353 multo
555 287 745 372 superiores.
782 285 1043 354 ι1111111111111
1062 289 1185 354 lituus

153 381 219 463 ille,
244 401 306 462 quo
330 377 371 441 ad
393 377 655 462 investigandum
679 398 769 440 suem
791 375 941 461 regiones
964 377 1080 441 vineae
1106 381 1186 442 ter-

154 467 304 549 minavit,
328 465 580 530 contemnendus
604 464 675 528 est?
721 462 907 548 Crederem,
929 464 994 528 nisi
1018 464 1089 529 eius
1117 489 1184 530 au-

156 555 249 642 gurio
274 576 331 618 rex
353 553 517 618 Hostilius
540 552 682 617 maxima
704 551 803 622 bella¹
817 553 979 637 gessisset.
1026 550 1092 617 Sed
1118 575 1184 618 ne-

156 642 323 730 glegentia
344 641 527 707 nobilitatis
551 639 680 726 augurii
703 639 875 724 disciplina
898 639 1020 705 omissa
1041 642 1182 706 veritas
1215 664 1229 703 s

156 731 373 816 ausprciorum
396 734 506 815 spreta
529 732 593 812 est,
621 727 742 813 species
765 731 896 792 tantum
918 731 1055 794 retenta.
1105 729 1184 794 Ita-

156 842 217 905 que
240 819 400 884 maximae
423 817 471 882 rei
493 817 641 904 publicae
661 819 779 901 partes,
801 816 837 880 in
855 817 906 880 his
925 817 1023 901 bella,
1047 818 1182 900 quibus

94 925 97 930 '
154 909 202 974 rei
223 908 373 993 publicae
396 907 484 971 salus
508 905 705 989 continetur,
731 903 832 968 nullis
856 904 1007 988 auspiciis
1032 906 1183 971 admini-

155 999 310 1080 strantur,
333 995 425 1060 nulla
447 993 613 1079 peremnia
636 996 814 1078 servantur,
837 993 930 1057 nulla
953 1015 992 1057 ex
1011 995 1182 1059 acumini-

155 1085 230 1168 bus,
259 1085 364 1168 nulla,
395 1103 464 1148 oum
490 1082 554 1146 viri
581 1084 749 1165 vocantur,
782 1103 821 1145 ex
849 1102 912 1165 quo
939 1081 975 1144 in
996 1082 1225 1166 procinctum

156 1175 354 1238 testamenta
379 1170 554 1255 perierunt.
598 1168 1181 1254 Γ111111111101111010101011ῖί
1231 1249 1232 1256 ἵ

106 1279 138 1327 10
159 1261 254 1325 duces
286 1258 457 1342 incipiunt,
490 1279 563 1322 cum
596 1257 739 1341 auspicia
770 1261 957 1342 posuerrmt.
1011 1257 1059 1323 At
1090 1281 1181 1326 vero

158 1348 243 1432 apud
265 1347 404 1410 maiores
428 1349 521 1410 tanta
543 1345 711 1430 religionis
733 1345 783 1410 vis
805 1345 878 1429 fuit,
901 1349 939 1410 ut
958 1345 1092 1430 quidam
1112 1348 1180 1412 im·
1231 1341 1232 1344 ¹

157 1439 323 1522 penatores
343 1433 442 1498 etiam
461 1434 603 1518 seipsos
623 1433 671 1496 dis
690 1433 919 1498 inmortalibus
936 1434 1043 1519 capite
1056 1437 1179 1502 velato
1231 1495 1232 1498 ,

154 1521 264 1589 'verbis
297 1522 393 1588 certis
426 1544 485 1606 pro
516 1543 551 1586 re
582 1521 713 1606 publica
740 1521 942 1586 devoverent.
992 1522 1101 1587 Multa
1133 1547 1232 1589 0111

158 1610 326 1697 Sibyllinis
355 1610 656 1693 vaticinationibus,
689 1610 794 1674 multa
822 1632 860 1674 ex
887 1610 1098 1694 haruspicum
1124 1636 1178 1678 re
1231 1645 1232 1686 ς

158 1701 285 1787 sponsis
305 1720 557 1766 commemorare
574 1719 716 1782 possum,
735 1698 852 1782 quibus
872 1720 910 1762 01
926 1699 1177 1786 confirmentur,
1231 1701 1232 1784 ss

117 1799 139 1863 4
159 1812 240 1874 quae
268 1789 366 1853 dubia
388 1787 509 1852 nemini
533 1786 650 1850 debent
673 1806 751 1849 esse.
796 1784 900 1870 Atqui
923 1789 956 1850 et
977 1790 1176 1854 nostrorum

158 1899 318 1963 augurum
350 1878 383 1940 et
414 1875 626 1938 Etruscorum
655 1873 863 1958 haruspicum
895 1873 1102 1959 disciplinam
1136 1877 1175 1942 P.
1231 1939 1232 1944 ,

157 1963 306 2049 Scipione
325 1961 360 2028 0.
378 1961 495 2048 Figulo
519 1961 703 2028 consulibus
727 1983 778 2026 res
800 1962 873 2046 ipsa
893 1963 1060 2048 probavit,
1085 1987 1175 2048 quos
1190 1971 1232 2044 so}

158 2076 231 2120 cum
254 2051 301 2115 ri.
325 2049 488 2116 Gracchus
517 2050 629 2115 consul
657 2049 775 2114 iterum
803 2053 939 2134 crearet,
967 2051 1093 2136 primus
1117 2076 1176 2119 ro·
1231 2053 1232 2060 '

159 2144 268 2227 gator,
297 2144 334 2203 ut
367 2159 421 2202 eos
449 2138 593 2221 rettulit,
624 2137 745 2202 ibidem
775 2141 825 2202 est
852 2141 984 2224 repente
1007 2143 1174 2208 mortuus.
1231 2171 1232 2212 3

159 2227 323 2293 Gracchus
347 2249 419 2292 cum
439 2226 570 2292 comitia
587 2225 690 2290 nihilo
709 2226 815 2290 minus
833 2227 1015 2312 peregisset
1032 2250 1174 2314 remque
1231 2239 1232 2312 ζ

158 2317 250 2382 illam
274 2317 308 2380 in
330 2315 522 2400 religionem
544 2314 666 2399 populo
689 2315 815 2379 venisse
839 2315 987 2400 sentiret,
1010 2316 1052 2380 ad
1075 2339 1173 2384 sena·
1231 2317 1232 2356 ἶ

158 2409 229 2471 tum
257 2403 393 2469 rettulit.
439 2400 590 2486 Senatus,
621 2424 701 2486 quos
730 2401 771 2467 ad
797 2403 928 2487 soleret,
961 2403 1173 2473 referendum
1187 2423 1232 2467 cs*

159 2493 291 2560 censuit.
325 2491 523 2577 Haruspices
541 2490 717 2555 introducti
734 2490 971 2574 responderunt
984 2514 1051 2557 non
1063 2493 1172 2560 fuisse
1231 2495 1232 2550 ἶ

107 2594 139 2644 11
160 2583 281 2646 iustum
313 2581 517 2647 comitiorum
540 2582 734 2664 rogatorem.
780 2578 862 2643 Turn
886 2577 1065 2666 Gracchus,
1088 2588 1126 2646 ut
1153 2607 1172 2649 e
1231 2601 1232 2662 ξ

157 2674 252 2755 patre
272 2669 450 2752 audiebam,
468 2667 616 2732 incensus
635 2667 697 2731 ira:
722 2665 848 2730 ‘Itane
866 2668 978 2733 vero?
1002 2690 1072 2755 ego
1092 2694 1171 2737 non

158 2758 302 2840 iustus,
335 2757 402 2841 qui
432 2759 470 2822 et
497 2754 631 2820 consul
659 2754 796 2840 rogavi
824 2759 862 2819 et
889 2777 1011 2841 augur
1039 2761 1077 2822 et
1105 2782 1170 2824 au·
1231 2827 1232 2832 ,

160 2845 334 2929 spicato?
364 2865 411 2908 an
429 2864 499 2908 vor
522 2842 636 2907 Tusci
660 2863 701 2906 ac
723 2843 882 2907 barbari
906 2845 1206 2928 auspicioruma
1231 2869 1232 2880 ¹

158 2931 295 3021 populi
317 2930 479 2995 Romani
505 2930 564 2994 ius
592 2931 736 3000 tenetis
760 2933 797 2994 et
819 2931 1057 3016 interpretes
1082 2957 1169 3001 esse

160 3019 405 3086 comitiorum
440 3017 650 3102 potestis?
708 3017 823 3102 Itaque
859 3023 930 3084 tum
965 3020 1042 3084 illos
1080 3023 1169 3088 exire
1231 3043 1232 3104 1

158 3107 262 3173 iussit.
306 3104 388 3170 Post
416 3108 524 3169 autem
548 3127 565 3168 0
588 3106 753 3190 provincia
775 3107 904 3172 litteras
928 3102 969 3171 ad
991 3109 1168 3196 collegium
1231 3113 1232 3192 1

160 3197 250 3261 misit
280 3215 326 3278 se,
357 3215 429 3259 cum
459 3193 582 3278 legeret
612 3194 726 3279 libros,
756 3194 959 3260 recordatum
987 3218 1058 3261 esse
1085 3199 1167 3264 vitio
1231 3195 1232 3240 l

160 3285 223 3350 sibi
254 3282 500 3348 tabernaculum
532 3286 662 3367 captum
693 3283 793 3347 fuisse
827 3283 954 3363 [hortos
983 3281 1167 3372 Scipionis],
1181 3305 1205 3344 as
1231 3287 1232 3362 f

161 3371 255 3456 quod,
278 3394 351 3437 cum
368 3369 549 3455 pomerium
566 3373 682 3454 postea
699 3370 855 3435 intrasset
874 3371 1015 3438 habendi
1034 3379 1167 3439 senatus
1231 3395 1232 3452 j

160 3481 269 3546 causa,
300 3460 335 3522 in
366 3457 540 3542 redeundo,
573 3479 645 3522 cum
676 3457 762 3522 idem
792 3459 974 3544 pomerium
1001 3461 1167 3546 transiret,
1231 3511 1232 3518 .
