2452 3938
179 247 182 250 -
285 214 352 270 nm.
370 214 405 270 11.
430 213 507 269 car.
525 221 638 270 cc-aa
661 220 809 281 saa-cr.
985 213 1050 279 225

57 361 138 423 vetat
159 362 304 444 spectare
325 358 505 442 fortunam,
530 357 607 423 dum
628 361 812 443 praestetur
833 357 921 424 fides.
961 356 1050 424 Aves

56 468 126 511 vero
158 450 186 513 st
216 467 389 532 prosperos
423 449 556 512 eventus
591 446 813 530 ostenderamt,
844 449 930 512 certe
960 445 1051 513 fefel-

56 534 162 601 lerunt.
194 533 294 621 Fugit
316 555 333 599 e
355 533 481 619 proelio
503 555 576 600 cum
592 533 763 619 Pompei03
786 555 885 620 grava
907 536 1049 620 tempus!

56 620 203 688 Discessit
228 623 269 688 ab
292 643 344 706 θος
371 622 520 688 luctuosa
541 623 607 687 rest
642 621 813 689 Gaesarem
836 622 949 688 eodem
970 627 1051 688 tem·

36 729 126 793 spore
154 710 283 777 hostem
315 714 348 775 et
378 709 541 796 hospitem
572 710 667 794 vidit3
699 710 776 796 quid
806 710 868 776 hoc
899 711 1050 778 tristius?

55 796 82 861 Is
112 820 181 864 cum
213 799 243 864 ei
270 797 480 864 Trocmorum
510 799 711 864 tetrarchian
738 799 911 883 eripuisset
937 802 970 864 et
997 799 1051 866 ad·

7 893 8 896 ’
56 887 171 952 seculae
199 909 258 952 suo
280 885 482 973 Pergameno
507 887 614 953 nescio
643 887 694 953 cui
721 886 862 952 dedisset
884 887 1050 971 eidemque

55 973 238 1041 detraxisset
268 974 457 1040 Armeniam
489 997 509 1040 a
540 979 654 1040 senatu
686 974 811 1059 datam,
844 996 980 1058 cumque
1008 975 1049 1040 ab

56 1083 88 1127 eo
112 1063 442 1150 magnificentissumo
465 1062 609 1149 hospitio
632 1066 782 1148 acceptus
807 1065 905 1146 esset,
933 1061 1051 1147 spolia-

27 1153 117 1216 utum
141 1152 275 1236 reliquit
302 1155 335 1218 et
362 1151 526 1236 hospitem
554 1154 588 1216 et
613 1172 648 1215 rc
673 1173 732 1216 em
777 1147 841 1216 Sed
866 1151 961 1216 labor
983 1149 1051 1216 lon·

56 1239 133 1325 gius3
161 1241 203 1306 ad
229 1239 435 1326 propositum
461 1242 614 1306 revertar.
650 1171 689 1304 hi
716 1242 833 1306 eventa
858 1238 1050 1324 quaerimus,

56 1348 128 1409 quae
155 1328 367 1412 exquiruntur
390 1328 517 1411 avibus,
544 1327 635 1392 nullo
658 1327 754 1394 modo
777 1348 934 1413 prospera
956 1326 1051 1393 Deio-

54 1418 132 1500 tar03
155 1416 207 1480 sin
230 1415 346 1500 officia,
368 1438 389 1481 a
410 1417 532 1481 virtute
550 1415 661 1500 ipsius,
683 1436 749 1480 non
768 1415 809 1480 ab
827 1415 980 1501 auspiciis
997 1436 1051 1500 pe

55 1503 109 1568 tita
139 1507 225 1568 sunt.
274 1503 397 1569 Omitte
427 1504 530 1589 igitur
561 1503 678 1569 lituum
710 1502 857 1588 Romuli,
890 1525 985 1588 quem
1016 1485 1104 1609 in{{3,

27 1609 44 1647 1⁵
54 1591 185 1657 maximo
217 1591 365 1658 incendio
391 1613 493 1678 negas
519 1591 665 1678 potuisse
692 1591 851 1675 comburi3
883 1594 1051 1656 contemne

55 1683 150 1744 cotem
177 1679 253 1744 Atti
279 1678 385 1746 Navii.
430 1679 523 1745 Nihil
554 1679 649 1744 debet
680 1699 750 1743 esse
782 1678 817 1742 in
843 1678 1051 1763 philosophia

55 1768 279 1833 commenticiis
297 1767 427 1833 fabellis
445 1768 523 1851 loci3
540 1766 622 1832 illud
640 1770 712 1831 crat
727 1765 915 1851 philosophi
932 1763 1052 1851 potius,

6 1905 7 1908 ,
55 1855 147 1920 totius
175 1855 304 1942 augurii
325 1856 467 1940 primum
488 1859 639 1920 naturam
662 1855 769 1940 ipsam
790 1853 911 1938 videre,
939 1852 1051 1919 deinde

57 1942 278 2028 inventionem,
301 1943 413 2009 deinde
436 1944 663 2009 constantiam.
698 1941 788 2018 Quae
811 1945 862 2006 est
878 1941 980 2028 igitur
997 1963 1053 2008 na·

29 2033 133 2116 cura,
158 2053 240 2116 quae
257 2031 403 2097 vvolucris
425 2032 489 2098 huc
512 2035 546 2096 et
566 2031 645 2097 illuc
666 2031 789 2117 passim
811 2030 963 2118 vagantis
987 2029 1053 2098 effi-

7 2169 8 2172 ,
56 2118 111 2182 ciat
136 2122 176 2184 ut
203 2119 387 2205 significent
413 2118 536 2204 aliquid
563 2123 597 2184 ct
618 2123 689 2185 tum
711 2121 823 2184 vetent
845 2139 955 2205 agere,
981 2121 1052 2185 tum

55 2204 180 2272 iubeant
198 2210 256 2272 aut
273 2210 371 2273 cantu
389 2210 446 2272 aut
463 2208 598 2273 volatu?
620 2229 677 2272 cur
694 2210 803 2272 autem
822 2207 895 2272 aliis
915 2229 935 2272 a
950 2208 1053 2291 laeva,

57 2293 119 2360 aliis
148 2317 169 2360 a
197 2295 311 2360 dextra
339 2295 450 2360 datum
474 2298 524 2359 est
546 2295 660 2360 avibus
683 2299 721 2359 ut
742 2298 851 2361 ratum
874 2295 1053 2380 auspicium

55 2380 151 2448 faeere
182 2383 331 2467 possint?
371 2381 442 2457 Quo
470 2381 565 2447 modo
598 2386 706 2448 autem
732 2381 812 2448 haec
840 2386 897 2447 aut
925 2381 1052 2466 quando

29 2474 104 2534 aaut
125 2493 146 2536 a
170 2471 286 2555 quibus
306 2470 439 2536 inventa
461 2469 624 2536 dicemus?
655 2469 787 2536 Etrusci
803 2473 913 2534 tamen
930 2470 1053 2534 habent

57 2562 216 2623 exaratum
228 2579 364 2643 puerum
379 2561 544 2624 auctorem
559 2557 747 2643 disciplinae
761 2579 851 2641 suae3
863 2577 924 2622 nos
936 2558 1053 2640 quem?

57 2641 205 2711 Attumne
223 2645 388 2711 Navium?
420 2645 468 2710 At
489 2645 614 2728 aliquot
637 2645 729 2710 annis
753 2643 917 2729 antiquior
935 2644 1054 2711 Romu-

56 2730 97 2795 lus
118 2737 152 2798 ct
170 2733 300 2816 Remus,
326 2734 423 2800 ambo
446 2755 593 2820 augures,
615 2737 653 2798 ut
675 2733 864 2818 accepimus.
902 2730 957 2799 An
974 2731 1054 2798 Pisi-

58 2817 161 2886 darum
191 2826 248 2886 aut
275 2821 414 2888 Cilicum
443 2826 500 2888 aut
526 2821 693 2908 Phrygum
719 2821 785 2886 ista
812 2819 946 2887 inventa
974 2821 1054 2888 dice·

30 2910 140 2974 anus?
176 2907 289 2974 Placet
310 2910 412 2995 igitur
433 2909 647 2975 humanitatis
671 2907 812 2993 expertis
833 2908 954 2977 habere
977 2909 1054 2977 divi·

57 2993 161 3062 nitatis
185 2998 354 3063 auctores?
1064 3047 1106 3110 39

115 3083 161 3149 At
180 3106 291 3150 omnes
309 3106 412 3172 reges,
433 3085 555 3171 populi,
572 3084 721 3151 nationes
738 3087 875 3151 utuntur
894 3086 1054 3172 auspiciis.
1072 3091 1104 3174 ἐι

59 3166 149 3242 Quasi
170 3194 248 3238 vcro
272 3173 444 3258 quicquam
463 3174 507 3238 sit
524 3176 593 3238 tam
611 3171 706 3238 valde
725 3195 822 3257 quam
839 3174 922 3240 nihil
942 3195 1054 3258 sapere

59 3259 194 3345 vulgare,
218 3265 274 3326 aut
297 3261 390 3346 quasi
412 3260 475 3326 tibi
497 3261 561 3345 ipsi
583 3261 618 3326 in
639 3260 808 3326 iudicando
827 3261 955 3345 placeat
973 3261 1054 3325 mul-

31 3344 169 3413 aurudo!
196 3347 321 3423 Quotus
341 3349 475 3433 quisque
495 3353 553 3431 est,
574 3348 629 3432 qui
646 3350 850 3433 voluptatem
867 3352 966 3432 neget
984 3369 1053 3414 esse

14 3466 15 3475 κ
60 3429 191 3502 bonum?
213 3437 361 3522 plerique
379 3437 478 3501 etiam
497 3457 658 3501 summum
675 3437 798 3501 bonum
817 3434 936 3502 dicunt.
965 3433 1054 3501 Num

59 3517 152 3604 igitur
178 3546 289 3591 eorum
315 3524 498 3610 frequentia
520 3521 621 3590 Stoici
648 3522 688 3588 de
710 3523 872 3589 sententia
895 3522 1054 3588 deterren-

105 3633 245 3680 010.1v.a.
805 3629 838 3679 ld
