2478 3936
340 181 406 238 nne.
427 182 474 238 111.
495 181 571 240 cnr.
591 190 668 241 1-8.
688 189 703 250 s
722 190 799 240 1-7.
1006 185 1069 250 109

65 329 205 413 tabatur,
227 330 267 394 ut
289 326 508 394 meminissem
530 349 582 392 me
605 331 639 394 et
661 325 795 394 Cottam
817 348 888 393 esse
911 330 944 394 et
966 326 1072 413 ponti-

64 417 168 500 ficem3
199 415 288 500 quod
308 438 362 500 eo,
386 416 493 500 credo,
515 417 660 500 valebat,
683 421 720 482 ut
743 415 925 500 opiniones,
948 439 1029 501 quas
1052 439 1072 482 a

65 504 241 572 maioribus
266 504 448 590 accepimus
471 504 510 569 de
532 505 581 570 dis
604 505 847 589 inmortalibus,
877 525 981 589 sacra,
1004 527 1071 570 cae

64 593 220 659 rimonias
243 592 483 678 religionesque
506 592 717 658 defenderem.
752 592 825 680 Ego
848 615 925 660 uero
948 613 1002 659 eas
1021 593 1072 659 de·

43 681 193 748 siendum
232 703 360 766 semper
394 703 583 767 semperque
616 681 754 765 defendi,
790 703 850 749 nec
879 703 932 748 me
964 703 1004 747 ex
1034 703 1074 748 ea

65 770 231 856 opinione,
259 791 359 854 quum
384 791 405 835 a
432 769 609 836 maioribus
636 770 745 855 accepi
767 769 807 836 de
829 770 919 836 cultu
941 771 1074 836 deorum

64 858 305 944 inmortalium,
331 858 431 924 ullius
454 880 608 943 umquam
630 859 736 924 oratio
760 860 817 924 aut
840 858 926 924 docti
949 861 1006 924 aut
1028 859 1074 922 in·

65 947 151 1012 docti
175 945 331 1012 movebit.
368 944 526 1035 Sedgcum
549 947 588 1012 de
610 947 768 1032 religione
791 946 909 1032 agitur,
932 945 980 1010 Ti.
1016 944 1075 1012 Co-

65 1035 271 1119 mmunium,
307 1033 343 1100 P.
376 1031 570 1121 Scipionem,
599 1034 635 1100 P.
667 1033 869 1119 Scaevolam,
905 1033 1075 1118 pontifices

34 1144 56 1182 n
67 1123 240 1207 maximos,
267 1144 334 1188 non
359 1121 521 1190 Zenonem
548 1128 605 1189 aut
632 1121 812 1190 Cleanthen
839 1125 896 1188 aut
923 1121 1075 1209 Chrysip

66 1235 143 1298 pum
168 1233 288 1296 sequor
305 1210 474 1296 habeoque
488 1211 522 1277 Ο.
535 1211 684 1277 Laelium
702 1233 857 1298 augurem
876 1210 1075 1297 eundemque

67 1302 259 1386 sapientem,
283 1321 378 1384 quem
399 1300 509 1385 potius
532 1301 661 1366 audiam
684 1300 843 1368 dicentem
862 1301 901 1366 de
917 1301 1075 1388 religione

67 1389 100 1453 in
132 1388 195 1454 illa
228 1389 374 1454 oratione
405 1388 509 1454 nobili
541 1411 638 1472 quam
671 1411 865 1474 quemqnam
896 1389 1100 1478 principem

68 1474 262 1542 Stoicorum.
307 1474 451 1560 Cumque
478 1477 582 1542 omnis
605 1478 719 1563 populi
741 1477 880 1544 Romani
903 1478 1019 1564 religio
1041 1478 1076 1542 in

36 1584 161 1630 nsacra
182 1568 218 1630 et
239 1565 275 1630 in
297 1565 441 1650 auspicia
463 1565 568 1630 divisa
590 1565 643 1648 sit,
665 1565 800 1630 tertium
819 1564 1005 1630 adiunctum
1023 1566 1076 1649 sit,

69 1653 203 1738 siquid
229 1653 459 1739 praedictionis
486 1674 584 1720 causa
611 1674 650 1718 ex
675 1651 837 1736 portentis
865 1655 898 1716 et
920 1652 1075 1717 monstris

69 1740 214 1826 Sibyllae
245 1741 438 1827 interpretes
468 1739 695 1826 haruspicesve
722 1742 929 1823 monuerim,
960 1738 1076 1804 harum

69 1829 660 1984 {laterenensis
678 1826 1077 1984 terrueruut?

37 2024 59 2065 u
72 2007 131 2072 cris
151 1941 353 2072 qconstituitis
384 1968 595 2072 fundamenta
623 1940 898 2071 iecissepnosirae
925 2002 1078 2090 civitatis

72 2117 152 2179 qnae
179 2116 358 2179 numquam
384 2094 532 2181 profecto
558 2094 627 2160 sine
649 2115 777 2160 summa
798 2093 981 2179 placatione
1005 2093 1077 2159 deo·

71 2205 142 2248 rum
164 2183 387 2249 inmortalium
411 2186 506 2248 tanta
528 2204 598 2248 esse
616 2183 785 2266 potuisset.
822 2181 942 2266 Habes,
965 2180 1077 2267 Balbe,
1097 2191 1113 2240 6

72 2270 148 2355 quid
165 2269 274 2355 Cotta,
297 2270 375 2356 quid
396 2270 543 2355 pontifex
566 2271 700 2355 sentiat3
721 2270 773 2335 fac
794 2291 879 2336 nunc
902 2291 963 2355 ego
986 2271 1079 2335 intel·

72 2360 195 2446 legam,
217 2363 255 2424 tu
279 2359 356 2444 quid
378 2359 509 2424 sentias.
545 2357 576 2424 A
598 2361 632 2423 te
653 2359 739 2424 enim
761 2358 959 2443 philosopho
980 2358 1079 2423 ratio-

38 2463 60 2503 2⁵
72 2471 144 2513 nem
163 2447 310 2532 accipere
329 2447 429 2512 debeo
447 2446 625 2533 religionis,
643 2446 821 2512 maioribus
835 2449 944 2510 autem
956 2445 1079 2509 nostris

73 2537 171 2601 etiam
202 2536 296 2602 nulla
326 2535 453 2601 ratione
483 2534 610 2600 reddita
641 2534 777 2599 credere.
827 2531 910 2598 Tum
941 2530 1118 2597 Balbus:3

73 2623 175 2699 Quam
198 2623 300 2710 igitur
322 2645 342 2688 a
365 2646 417 2688 me
433 2623 604 2706 rationem,
625 2621 741 2705 inquit,
764 2618 870 2703 Cotta,
894 2618 1078 2684 desideras?

71 2711 204 2778 Etille:
228 2710 479 2796 Quadripertita,
501 2711 617 2795 inquit,
639 2709 703 2775 fuit
721 2707 836 2773 divisio
854 2711 921 2790 tua,
939 2706 1080 2791 primum

74 2804 108 2866 ut
130 2800 234 2866 velles
258 2799 371 2865 docere
395 2799 471 2864 deos
494 2820 574 2884 esse,
597 2797 711 2862 deinde
734 2796 847 2881 quales
869 2799 987 2879 essent,
1009 2800 1080 2862 tum

41 2889 113 2954 sab
143 2889 187 2954 iis
215 2888 371 2954 mundum
398 2887 481 2973 regi,
514 2891 679 2972 postremo
706 2883 873 2952 consulere
900 2905 956 2952 eos
983 2885 1080 2950 rebus

72 2976 244 3044 humanis·
268 2974 367 3060 Haec,
386 2976 518 3041 sirecte
537 2975 678 3059 memini,
695 2973 831 3060 pertitio
850 2971 921 3040 fuit.
958 2972 1081 3040 Rectis-

73 3087 173 3149 sume,
194 3064 302 3149 inquit
324 3062 461 3148 Balbus;
484 3063 540 3129 sed
564 3066 706 3149 expecto,
730 3061 806 3146 quid
828 3061 983 3146 requiras.

137 3153 223 3220 'l'um
242 3151 353 3218 Cotta:
375 3152 521 3218 Primum
539 3151 679 3237 quidque
697 3150 872 3234 videamus,
896 3148 1017 3234 inquit3
1039 3151 1082 3232 et,
1101 3156 1116 3208 τ

74 3243 101 3306 si
130 3242 167 3308 id
199 3245 249 3306 est
276 3241 430 3326 primum,
463 3240 548 3324 quod
574 3241 660 3304 inter
687 3238 792 3306 omnis
818 3238 882 3302 nisi
909 3234 1082 3302 admodum

43 3330 192 3416 uimpios
225 3330 388 3414 convenit,
419 3329 501 3396 mihi
529 3328 658 3413 quidem
685 3349 724 3392 ex
751 3325 859 3392 animo
887 3322 994 3389 excuti
1015 3343 1082 3388 non

75 3421 196 3502 potest,
227 3439 298 3483 esse
328 3418 417 3502 deos,
446 3417 480 3482 id
510 3420 621 3482 tamen
646 3416 767 3500 ipsum,
798 3411 883 3497 quod
910 3410 991 3478 mihi
1013 3431 1083 3496 per·

76 3527 205 3572 suasum
229 3510 280 3572 est
302 3506 497 3572 anctoritate
519 3504 693 3589 maiorum,
716 3523 773 3568 cur
794 3501 843 3565 ita
865 3499 918 3587 sit,
940 3498 1023 3564 nihil
1046 3501 1084 3563 tu
