<?xml version="1.0" encoding="UTF-8"?>
<!DOCTYPE html PUBLIC "-//W3C//DTD XHTML 1.0 Transitional//EN"
    "http://www.w3.org/TR/xhtml1/DTD/xhtml1-transitional.dtd">
<html xmlns="http://www.w3.org/1999/xhtml" xml:lang="en" lang="en">
 <head>
  <title>
</title>
<meta http-equiv="Content-Type" content="text/html;charset=utf-8" />
  <meta name='ocr-system' content='tesseract 3.04.00' />
  <meta name='ocr-capabilities' content='ocr_page ocr_carea ocr_par ocr_line ocrx_word'/>
</head>
<body>
  <div class='ocr_page' id='page_1' title='image "./mtulliiciceroni03mlgoog_0389.png"; bbox 0 0 2476 3936; ppageno 0'>
   <div class='ocr_carea' id='block_1_1' title="bbox 174 155 838 222">
    <p class='ocr_par' dir='ltr' id='par_1_1' title="bbox 174 155 838 222">
     <span class='ocr_line' id='line_1_1' title="bbox 174 155 838 222; baseline 0 -12"><span class='ocrx_word' id='word_1_1' title='bbox 174 155 240 222; x_wconf 84' lang='lat'><strong>338</strong></span> <span class='ocrx_word' id='word_1_2' title='bbox 549 155 598 210; x_wconf 84' lang='lat' dir='ltr'><strong>DE</strong></span> <span class='ocrx_word' id='word_1_3' title='bbox 616 156 666 212; x_wconf 78' lang='lat' dir='ltr'><strong>RE</strong></span> <span class='ocrx_word' id='word_1_4' title='bbox 682 155 838 212; x_wconf 83' lang='lat' dir='ltr'>PUBLICA</span> 
     </span>
    </p>
   </div>
   <div class='ocr_carea' id='block_1_2' title="bbox 174 299 1203 827">
    <p class='ocr_par' dir='ltr' id='par_1_2' title="bbox 174 299 1203 827">
     <span class='ocr_line' id='line_1_2' title="bbox 174 299 1180 386; baseline 0 -22"><span class='ocrx_word' id='word_1_5' title='bbox 174 301 228 364; x_wconf 87' lang='lat' dir='ltr'><strong>lex</strong></span> <span class='ocrx_word' id='word_1_6' title='bbox 250 300 405 365; x_wconf 68' lang='lat' dir='ltr'><strong>utilitatis</strong></span> <span class='ocrx_word' id='word_1_7' title='bbox 427 300 571 365; x_wconf 87' lang='lat' dir='ltr'><strong>virorum</strong></span> <span class='ocrx_word' id='word_1_8' title='bbox 595 301 703 386; x_wconf 82' lang='lat' dir='ltr'><strong>gratia</strong></span> <span class='ocrx_word' id='word_1_9' title='bbox 725 303 842 385; x_wconf 85' lang='lat' dir='ltr'><strong>rogate</strong></span> <span class='ocrx_word' id='word_1_10' title='bbox 863 299 899 364; x_wconf 92' lang='lat' dir='ltr'><strong>in</strong></span> <span class='ocrx_word' id='word_1_11' title='bbox 916 299 1066 364; x_wconf 87' lang='lat' dir='ltr'><strong>mulieres</strong></span> <span class='ocrx_word' id='word_1_12' title='bbox 1084 299 1180 383; x_wconf 86' lang='lat' dir='ltr'><strong>plena</strong></span> 
     </span>
     <span class='ocr_line' id='line_1_3' title="bbox 175 383 1180 473; baseline -0.003 -20"><span class='ocrx_word' id='word_1_13' title='bbox 175 392 226 453; x_wconf 87' lang='lat' dir='ltr'><strong>est</strong></span> <span class='ocrx_word' id='word_1_14' title='bbox 247 388 393 454; x_wconf 89' lang='lat' dir='ltr'><strong>iniuriae.</strong></span> <span class='ocrx_word' id='word_1_15' title='bbox 430 385 496 454; x_wconf 78' lang='lat' dir='ltr'><strong>Cur</strong></span> <span class='ocrx_word' id='word_1_16' title='bbox 519 389 605 454; x_wconf 89' lang='lat' dir='ltr'><strong>enim</strong></span> <span class='ocrx_word' id='word_1_17' title='bbox 627 383 799 473; x_wconf 85' lang='lat' dir='ltr'><strong>pecuniam</strong></span> <span class='ocrx_word' id='word_1_18' title='bbox 818 409 886 452; x_wconf 92' lang='lat' dir='ltr'><strong>non</strong></span> <span class='ocrx_word' id='word_1_19' title='bbox 903 386 1025 452; x_wconf 83' lang='lat' dir='ltr'><strong>habeat</strong></span> <span class='ocrx_word' id='word_1_20' title='bbox 1042 388 1180 451; x_wconf 84' lang='lat' dir='ltr'><strong>mulier?</strong></span> 
     </span>
     <span class='ocr_line' id='line_1_4' title="bbox 176 475 1180 562; baseline -0.002 -20"><span class='ocrx_word' id='word_1_21' title='bbox 176 497 232 542; x_wconf 88' lang='lat' dir='ltr'><strong>cur</strong></span> <span class='ocrx_word' id='word_1_22' title='bbox 254 477 375 562; x_wconf 83' lang='lat' dir='ltr'><strong>virgini</strong></span> <span class='ocrx_word' id='word_1_23' title='bbox 392 475 521 541; x_wconf 82' lang='lat' dir='ltr'><strong>Vestali</strong></span> <span class='ocrx_word' id='word_1_24' title='bbox 544 477 587 541; x_wconf 89' lang='lat' dir='ltr'><strong>sit</strong></span> <span class='ocrx_word' id='word_1_25' title='bbox 609 477 713 561; x_wconf 84' lang='lat' dir='ltr'><strong>heres,</strong></span> <span class='ocrx_word' id='word_1_26' title='bbox 735 498 802 541; x_wconf 90' lang='lat' dir='ltr'><strong>non</strong></span> <span class='ocrx_word' id='word_1_27' title='bbox 824 476 869 540; x_wconf 86' lang='lat' dir='ltr'><strong>sit</strong></span> <span class='ocrx_word' id='word_1_28' title='bbox 886 476 987 540; x_wconf 88' lang='lat' dir='ltr'><strong>matri</strong></span> <span class='ocrx_word' id='word_1_29' title='bbox 1005 476 1104 540; x_wconf 78' lang='lat' dir='ltr'><strong>suae?</strong></span> <span class='ocrx_word' id='word_1_30' title='bbox 1128 497 1180 540; x_wconf 84' lang='lat' dir='ltr'><strong>cur</strong></span> 
     </span>
     <span class='ocr_line' id='line_1_5' title="bbox 176 563 1181 649; baseline -0.002 -21"><span class='ocrx_word' id='word_1_31' title='bbox 176 568 299 648; x_wconf 84' lang='lat' dir='ltr'><strong>autem,</strong></span> <span class='ocrx_word' id='word_1_32' title='bbox 323 565 351 629; x_wconf 86' lang='lat' dir='ltr'><strong>si</strong></span> <span class='ocrx_word' id='word_1_33' title='bbox 373 565 527 649; x_wconf 83' lang='lat' dir='ltr'><strong>pecuniae</strong></span> <span class='ocrx_word' id='word_1_34' title='bbox 549 565 664 630; x_wconf 83' lang='lat' dir='ltr'><strong>modus</strong></span> <span class='ocrx_word' id='word_1_35' title='bbox 688 564 880 630; x_wconf 85' lang='lat' dir='ltr'><strong>statuendus</strong></span> <span class='ocrx_word' id='word_1_36' title='bbox 900 563 966 628; x_wconf 81' lang='lat' dir='ltr'><strong>fuit</strong></span> <span class='ocrx_word' id='word_1_37' title='bbox 986 563 1127 646; x_wconf 84' lang='lat' dir='ltr'><strong>feminis,</strong></span> <span class='ocrx_word' id='word_1_38' title='bbox 1148 563 1181 626; x_wconf 95' lang='lat' dir='ltr'><strong>P.</strong></span> 
     </span>
     <span class='ocr_line' id='line_1_6' title="bbox 176 651 1203 738; baseline -0.003 -21"><span class='ocrx_word' id='word_1_39' title='bbox 176 651 287 717; x_wconf 80' lang='lat' dir='ltr'><strong>Crassi</strong></span> <span class='ocrx_word' id='word_1_40' title='bbox 308 653 379 717; x_wconf 87' lang='lat' dir='ltr'><strong>filia</strong></span> <span class='ocrx_word' id='word_1_41' title='bbox 399 657 511 738; x_wconf 83' lang='lat' dir='ltr'><strong>posset</strong></span> <span class='ocrx_word' id='word_1_42' title='bbox 533 653 666 736; x_wconf 84' lang='lat' dir='ltr'><strong>habere,</strong></span> <span class='ocrx_word' id='word_1_43' title='bbox 695 653 723 716; x_wconf 88' lang='lat' dir='ltr'><strong>si</strong></span> <span class='ocrx_word' id='word_1_44' title='bbox 745 652 839 717; x_wconf 89' lang='lat' dir='ltr'><strong>unica</strong></span> <span class='ocrx_word' id='word_1_45' title='bbox 861 651 950 737; x_wconf 86' lang='lat' dir='ltr'><strong>patri</strong></span> <span class='ocrx_word' id='word_1_46' title='bbox 973 656 1073 737; x_wconf 85' lang='lat' dir='ltr'><strong>esset,</strong></span> <span class='ocrx_word' id='word_1_47' title='bbox 1101 651 1203 716; x_wconf 83' lang='lat' dir='ltr'><strong>aeris⁵</strong></span> 
     </span>
     <span class='ocr_line' id='line_1_7' title="bbox 176 740 1096 827; baseline 0.002 -23"><span class='ocrx_word' id='word_1_48' title='bbox 176 740 318 805; x_wconf 81' lang='lat' dir='ltr'><strong>milliens</strong></span> <span class='ocrx_word' id='word_1_49' title='bbox 342 741 435 806; x_wconf 84' lang='lat' dir='ltr'><strong>salva</strong></span> <span class='ocrx_word' id='word_1_50' title='bbox 456 742 539 827; x_wconf 81' lang='lat' dir='ltr'><strong>lege,</strong></span> <span class='ocrx_word' id='word_1_51' title='bbox 562 763 634 806; x_wconf 82' lang='lat' dir='ltr'><strong>mea</strong></span> <span class='ocrx_word' id='word_1_52' title='bbox 656 740 787 806; x_wconf 78' lang='lat' dir='ltr'><strong>triciens</strong></span> <span class='ocrx_word' id='word_1_53' title='bbox 809 761 878 806; x_wconf 91' lang='lat' dir='ltr'><strong>non</strong></span> <span class='ocrx_word' id='word_1_54' title='bbox 898 745 1049 824; x_wconf 87' lang='lat' dir='ltr'><strong>posset..</strong></span> <span class='ocrx_word' id='word_1_55' title='bbox 1064 789 1096 806; x_wconf 87' lang='lat'><strong>..</strong></span> 
     </span>
    </p>
   </div>
   <div class='ocr_carea' id='block_1_3' title="bbox 126 863 1212 2552">
    <p class='ocr_par' dir='ltr' id='par_1_3' title="bbox 358 863 998 947">
     <span class='ocr_line' id='line_1_8' title="bbox 358 863 998 947; baseline -0.003 -17"><span class='ocrx_word' id='word_1_56' title='bbox 358 863 555 946; x_wconf 77' lang='lat' dir='ltr'><strong>[Desiderari</strong></span> <span class='ocrx_word' id='word_1_57' title='bbox 575 865 719 930; x_wconf 79' lang='lat' dir='ltr'><strong>videntur</strong></span> <span class='ocrx_word' id='word_1_58' title='bbox 735 865 873 947; x_wconf 76' lang='lat' dir='ltr'><strong>papinus</strong></span> <span class='ocrx_word' id='word_1_59' title='bbox 895 865 998 945; x_wconf 72' lang='lat' dir='ltr'><strong>dirue]</strong></span> 
     </span>
    </p>

    <p class='ocr_par' dir='ltr' id='par_1_4' title="bbox 126 942 1212 1938">
     <span class='ocr_line' id='line_1_9' title="bbox 126 942 1183 1066; baseline -0.003 -31"><span class='ocrx_word' id='word_1_60' title='bbox 126 942 204 1066; x_wconf 54' lang='lat' dir='ltr'><strong>{gp</strong></span> <span class='ocrx_word' id='word_1_61' title='bbox 225 973 272 1050; x_wconf 78' lang='lat'><strong>13]</strong></span> <span class='ocrx_word' id='word_1_62' title='bbox 346 969 589 1035; x_wconf 71' lang='lat' dir='ltr'><strong>...sanxisset</strong></span> <span class='ocrx_word' id='word_1_63' title='bbox 610 969 683 1034; x_wconf 85' lang='lat' dir='ltr'><strong>iura</strong></span> <span class='ocrx_word' id='word_1_64' title='bbox 704 970 811 1055; x_wconf 87' lang='lat' dir='ltr'><strong>nobis,</strong></span> <span class='ocrx_word' id='word_1_65' title='bbox 833 973 867 1034; x_wconf 87' lang='lat' dir='ltr'><strong>ct</strong></span> <span class='ocrx_word' id='word_1_66' title='bbox 890 991 1003 1035; x_wconf 86' lang='lat' dir='ltr'><strong>omnes</strong></span> <span class='ocrx_word' id='word_1_67' title='bbox 1026 969 1133 1036; x_wconf 86' lang='lat' dir='ltr'><strong>isdem</strong></span> <span class='ocrx_word' id='word_1_68' title='bbox 1154 973 1183 1034; x_wconf 88' lang='lat' dir='ltr'><strong>et</strong></span> 
     </span>
     <span class='ocr_line' id='line_1_10' title="bbox 177 1057 1183 1142; baseline -0.003 -19"><span class='ocrx_word' id='word_1_69' title='bbox 177 1057 275 1123; x_wconf 91' lang='lat' dir='ltr'><strong>iidem</strong></span> <span class='ocrx_word' id='word_1_70' title='bbox 292 1080 358 1124; x_wconf 94' lang='lat' dir='ltr'><strong>non</strong></span> <span class='ocrx_word' id='word_1_71' title='bbox 377 1058 459 1124; x_wconf 86' lang='lat' dir='ltr'><strong>alias</strong></span> <span class='ocrx_word' id='word_1_72' title='bbox 478 1057 551 1122; x_wconf 84' lang='lat' dir='ltr'><strong>eliis</strong></span> <span class='ocrx_word' id='word_1_73' title='bbox 570 1061 746 1123; x_wconf 90' lang='lat' dir='ltr'><strong>uterentur.</strong></span> <span class='ocrx_word' id='word_1_74' title='bbox 775 1057 901 1134; x_wconf 84' lang='lat' dir='ltr'><strong>Quaero</strong></span> <span class='ocrx_word' id='word_1_75' title='bbox 921 1062 1042 1142; x_wconf 87' lang='lat' dir='ltr'><strong>autem,</strong></span> <span class='ocrx_word' id='word_1_76' title='bbox 1061 1059 1092 1123; x_wconf 85' lang='lat' dir='ltr'><strong>si</strong></span> <span class='ocrx_word' id='word_1_77' title='bbox 1110 1058 1183 1122; x_wconf 88' lang='lat' dir='ltr'><strong>iusti</strong></span> 
     </span>
     <span class='ocr_line' id='line_1_11' title="bbox 176 1145 1182 1232; baseline -0.002 -21"><span class='ocrx_word' id='word_1_78' title='bbox 176 1145 317 1211; x_wconf 87' lang='lat' dir='ltr'><strong>heminis</strong></span> <span class='ocrx_word' id='word_1_79' title='bbox 348 1151 381 1211; x_wconf 88' lang='lat' dir='ltr'><strong>et</strong></span> <span class='ocrx_word' id='word_1_80' title='bbox 410 1146 439 1210; x_wconf 90' lang='lat' dir='ltr'><strong>si</strong></span> <span class='ocrx_word' id='word_1_81' title='bbox 466 1145 544 1211; x_wconf 88' lang='lat' dir='ltr'><strong>boni</strong></span> <span class='ocrx_word' id='word_1_82' title='bbox 571 1150 621 1210; x_wconf 85' lang='lat' dir='ltr'><strong>est</strong></span> <span class='ocrx_word' id='word_1_83' title='bbox 647 1146 710 1210; x_wconf 82' lang='lat' dir='ltr'><strong>riri</strong></span> <span class='ocrx_word' id='word_1_84' title='bbox 736 1169 851 1231; x_wconf 88' lang='lat' dir='ltr'><strong>parere</strong></span> <span class='ocrx_word' id='word_1_85' title='bbox 873 1147 1016 1232; x_wconf 79' lang='lat' dir='ltr'><strong>legibus,</strong></span> <span class='ocrx_word' id='word_1_86' title='bbox 1046 1147 1182 1232; x_wconf 81' lang='lat' dir='ltr'><strong>quibus?</strong></span> 
     </span>
     <span class='ocr_line' id='line_1_12' title="bbox 177 1233 1212 1318; baseline 0.002 -20"><span class='ocrx_word' id='word_1_87' title='bbox 177 1255 220 1299; x_wconf 87' lang='lat' dir='ltr'><strong>an</strong></span> <span class='ocrx_word' id='word_1_88' title='bbox 247 1256 466 1318; x_wconf 87' lang='lat' dir='ltr'><strong>quaecumque</strong></span> <span class='ocrx_word' id='word_1_89' title='bbox 493 1235 608 1299; x_wconf 81' lang='lat' dir='ltr'><strong>erunt?</strong></span> <span class='ocrx_word' id='word_1_90' title='bbox 645 1233 692 1298; x_wconf 86' lang='lat' dir='ltr'><strong>At</strong></span> <span class='ocrx_word' id='word_1_91' title='bbox 719 1255 778 1300; x_wconf 89' lang='lat' dir='ltr'><strong>nec</strong></span> <span class='ocrx_word' id='word_1_92' title='bbox 803 1234 1059 1300; x_wconf 78' lang='lat' dir='ltr'><strong>inconstantiam</strong></span> <span class='ocrx_word' id='word_1_93' title='bbox 1084 1235 1212 1300; x_wconf 76' lang='lat' dir='ltr'><strong>virtusw</strong></span> 
     </span>
     <span class='ocr_line' id='line_1_13' title="bbox 176 1321 1183 1409; baseline 0.002 -24"><span class='ocrx_word' id='word_1_94' title='bbox 176 1322 301 1407; x_wconf 86' lang='lat' dir='ltr'><strong>recipit,</strong></span> <span class='ocrx_word' id='word_1_95' title='bbox 323 1344 383 1388; x_wconf 88' lang='lat' dir='ltr'><strong>nec</strong></span> <span class='ocrx_word' id='word_1_96' title='bbox 400 1321 593 1387; x_wconf 80' lang='lat' dir='ltr'><strong>varietatem</strong></span> <span class='ocrx_word' id='word_1_97' title='bbox 609 1326 728 1387; x_wconf 85' lang='lat' dir='ltr'><strong>natura</strong></span> <span class='ocrx_word' id='word_1_98' title='bbox 746 1322 880 1408; x_wconf 79' lang='lat' dir='ltr'><strong>patitur,</strong></span> <span class='ocrx_word' id='word_1_99' title='bbox 898 1324 1052 1409; x_wconf 83' lang='lat' dir='ltr'><strong>legesque</strong></span> <span class='ocrx_word' id='word_1_100' title='bbox 1073 1345 1183 1409; x_wconf 80' lang='lat' dir='ltr'><strong>poena,</strong></span> 
     </span>
     <span class='ocr_line' id='line_1_14' title="bbox 176 1409 1182 1498; baseline 0.002 -24"><span class='ocrx_word' id='word_1_101' title='bbox 176 1431 243 1474; x_wconf 93' lang='lat' dir='ltr'><strong>non</strong></span> <span class='ocrx_word' id='word_1_102' title='bbox 269 1409 396 1475; x_wconf 84' lang='lat' dir='ltr'><strong>iustitia</strong></span> <span class='ocrx_word' id='word_1_103' title='bbox 421 1414 537 1476; x_wconf 85' lang='lat' dir='ltr'><strong>nostra</strong></span> <span class='ocrx_word' id='word_1_104' title='bbox 560 1411 826 1495; x_wconf 82' lang='lat' dir='ltr'><strong>comprobantur3</strong></span> <span class='ocrx_word' id='word_1_105' title='bbox 852 1411 935 1476; x_wconf 90' lang='lat' dir='ltr'><strong>nihil</strong></span> <span class='ocrx_word' id='word_1_106' title='bbox 959 1410 1063 1476; x_wconf 85' lang='lat' dir='ltr'><strong>habet</strong></span> <span class='ocrx_word' id='word_1_107' title='bbox 1086 1412 1182 1498; x_wconf 83' lang='lat' dir='ltr'><strong>igitur</strong></span> 
     </span>
     <span class='ocr_line' id='line_1_15' title="bbox 177 1499 1183 1584; baseline 0 -22"><span class='ocrx_word' id='word_1_108' title='bbox 177 1499 326 1563; x_wconf 86' lang='lat' dir='ltr'><strong>naturale</strong></span> <span class='ocrx_word' id='word_1_109' title='bbox 348 1499 413 1582; x_wconf 78' lang='lat' dir='ltr'><strong>ius3</strong></span> <span class='ocrx_word' id='word_1_110' title='bbox 439 1521 479 1563; x_wconf 82' lang='lat' dir='ltr'><strong>ex</strong></span> <span class='ocrx_word' id='word_1_111' title='bbox 502 1521 566 1582; x_wconf 88' lang='lat' dir='ltr'><strong>quo</strong></span> <span class='ocrx_word' id='word_1_112' title='bbox 587 1499 671 1564; x_wconf 85' lang='lat' dir='ltr'><strong>illud</strong></span> <span class='ocrx_word' id='word_1_113' title='bbox 693 1499 841 1584; x_wconf 85' lang='lat' dir='ltr'><strong>efficitur,</strong></span> <span class='ocrx_word' id='word_1_114' title='bbox 862 1521 903 1565; x_wconf 88' lang='lat' dir='ltr'><strong>ne</strong></span> <span class='ocrx_word' id='word_1_115' title='bbox 926 1500 1033 1565; x_wconf 85' lang='lat' dir='ltr'><strong>iustos</strong></span> <span class='ocrx_word' id='word_1_116' title='bbox 1057 1500 1183 1584; x_wconf 87' lang='lat' dir='ltr'><strong>quidem</strong></span> 
     </span>
     <span class='ocr_line' id='line_1_16' title="bbox 178 1585 1182 1673; baseline 0 -22"><span class='ocrx_word' id='word_1_117' title='bbox 178 1608 248 1652; x_wconf 85' lang='lat' dir='ltr'><strong>esse</strong></span> <span class='ocrx_word' id='word_1_118' title='bbox 274 1591 402 1652; x_wconf 88' lang='lat' dir='ltr'><strong>natura.</strong></span> <span class='ocrx_word' id='word_1_119' title='bbox 442 1585 497 1652; x_wconf 85' lang='lat' dir='ltr'><strong>An</strong></span> <span class='ocrx_word' id='word_1_120' title='bbox 522 1609 599 1653; x_wconf 88' lang='lat' dir='ltr'><strong>vero</strong></span> <span class='ocrx_word' id='word_1_121' title='bbox 622 1587 657 1652; x_wconf 91' lang='lat' dir='ltr'><strong>in</strong></span> <span class='ocrx_word' id='word_1_122' title='bbox 678 1588 807 1673; x_wconf 85' lang='lat' dir='ltr'><strong>legibus</strong></span> <span class='ocrx_word' id='word_1_123' title='bbox 829 1587 1025 1652; x_wconf 79' lang='lat' dir='ltr'><strong>varietatem</strong></span> <span class='ocrx_word' id='word_1_124' title='bbox 1048 1610 1123 1653; x_wconf 84' lang='lat' dir='ltr'><strong>ease</strong></span> <span class='ocrx_word' id='word_1_125' title='bbox 1144 1587 1182 1651; x_wconf 88' lang='lat' dir='ltr'><strong>di·</strong></span> 
     </span>
     <span class='ocr_line' id='line_1_17' title="bbox 176 1673 1211 1763; baseline -0.001 -23"><span class='ocrx_word' id='word_1_126' title='bbox 176 1703 204 1756; x_wconf 88' lang='lat' dir='ltr'><strong>p.</strong></span> <span class='ocrx_word' id='word_1_127' title='bbox 216 1678 262 1756; x_wconf 82' lang='lat'><strong>14]</strong></span> <span class='ocrx_word' id='word_1_128' title='bbox 278 1679 364 1760; x_wconf 82' lang='lat' dir='ltr'><strong>cunt,</strong></span> <span class='ocrx_word' id='word_1_129' title='bbox 381 1680 500 1741; x_wconf 85' lang='lat' dir='ltr'><strong>natura</strong></span> <span class='ocrx_word' id='word_1_130' title='bbox 514 1680 622 1741; x_wconf 87' lang='lat' dir='ltr'><strong>autem</strong></span> <span class='ocrx_word' id='word_1_131' title='bbox 636 1675 723 1740; x_wconf 87' lang='lat' dir='ltr'><strong>viros</strong></span> <span class='ocrx_word' id='word_1_132' title='bbox 737 1676 840 1741; x_wconf 86' lang='lat' dir='ltr'><strong>bonos</strong></span> <span class='ocrx_word' id='word_1_133' title='bbox 855 1698 927 1741; x_wconf 86' lang='lat' dir='ltr'><strong>eam</strong></span> <span class='ocrx_word' id='word_1_134' title='bbox 940 1675 1106 1742; x_wconf 84' lang='lat' dir='ltr'><strong>iustitiam</strong></span> <span class='ocrx_word' id='word_1_135' title='bbox 1122 1673 1126 1763; x_wconf 90' lang='grc' dir='ltr'>Ι</span> <span class='ocrx_word' id='word_1_136' title='bbox 1142 1697 1181 1740; x_wconf 83' lang='lat' dir='ltr'><strong>se</strong></span> <span class='ocrx_word' id='word_1_137' title='bbox 1192 1690 1211 1729; x_wconf 78' lang='lat'><strong>1⁵</strong></span> 
     </span>
     <span class='ocr_line' id='line_1_18' title="bbox 177 1765 1182 1938; baseline 0.001 -23"><span class='ocrx_word' id='word_1_138' title='bbox 177 1786 347 1917; x_wconf 47' lang='lat' dir='ltr'><strong>illita-⁶</strong></span> <span class='ocrx_word' id='word_1_139' title='bbox 363 1768 512 1936; x_wconf 60' lang='lat' dir='ltr'><strong>§litt</strong></span> <span class='ocrx_word' id='word_1_140' title='bbox 527 1785 722 1916; x_wconf 50' lang='lat' dir='ltr'><strong>lllrellll</strong></span> <span class='ocrx_word' id='word_1_141' title='bbox 739 1765 1182 1938; x_wconf 60' lang='lat' dir='ltr'><strong>llllllllltllllll</strong></span> 
     </span>
    </p>

    <p class='ocr_par' dir='ltr' id='par_1_5' title="bbox 126 1939 1210 2552">
     <span class='ocr_line' id='line_1_19' title="bbox 126 1939 1181 2025; baseline 0.004 -25"><span class='ocrx_word' id='word_1_142' title='bbox 126 1949 159 2000; x_wconf 81' lang='lat'><strong>19</strong></span> <span class='ocrx_word' id='word_1_143' title='bbox 179 1939 321 2025; x_wconf 81' lang='lat' dir='ltr'><strong>dignum.</strong></span> <span class='ocrx_word' id='word_1_144' title='bbox 365 1939 491 2024; x_wconf 83' lang='lat' dir='ltr'><strong>Ecquid</strong></span> <span class='ocrx_word' id='word_1_145' title='bbox 522 1961 601 2025; x_wconf 82' lang='lat' dir='ltr'><strong>ergo</strong></span> <span class='ocrx_word' id='word_1_146' title='bbox 627 1939 770 2024; x_wconf 91' lang='lat' dir='ltr'><strong>primum</strong></span> <span class='ocrx_word' id='word_1_147' title='bbox 796 1940 896 2006; x_wconf 88' lang='lat' dir='ltr'><strong>mutis</strong></span> <span class='ocrx_word' id='word_1_148' title='bbox 923 1941 1109 2008; x_wconf 87' lang='lat' dir='ltr'><strong>tribuemus</strong></span> <span class='ocrx_word' id='word_1_149' title='bbox 1135 1943 1181 2005; x_wconf 80' lang='lat' dir='ltr'><strong>bc</strong></span> 
     </span>
     <span class='ocr_line' id='line_1_20' title="bbox 178 2027 1180 2112; baseline 0 -21"><span class='ocrx_word' id='word_1_150' title='bbox 178 2027 263 2092; x_wconf 84' lang='lat' dir='ltr'><strong>luis?</strong></span> <span class='ocrx_word' id='word_1_151' title='bbox 290 2029 466 2092; x_wconf 89' lang='lat' dir='ltr'><strong>nonenim</strong></span> <span class='ocrx_word' id='word_1_152' title='bbox 488 2028 664 2093; x_wconf 87' lang='lat' dir='ltr'><strong>mediocres</strong></span> <span class='ocrx_word' id='word_1_153' title='bbox 686 2027 764 2112; x_wconf 80' lang='lat' dir='ltr'><strong>viri,</strong></span> <span class='ocrx_word' id='word_1_154' title='bbox 787 2028 842 2092; x_wconf 88' lang='lat' dir='ltr'><strong>sed</strong></span> <span class='ocrx_word' id='word_1_155' title='bbox 864 2029 1009 2094; x_wconf 86' lang='lat' dir='ltr'><strong>maxumi</strong></span> <span class='ocrx_word' id='word_1_156' title='bbox 1032 2034 1067 2094; x_wconf 83' lang='lat' dir='ltr'><strong>et</strong></span> <span class='ocrx_word' id='word_1_157' title='bbox 1092 2029 1180 2111; x_wconf 88' lang='lat' dir='ltr'><strong>docti,</strong></span> 
     </span>
     <span class='ocr_line' id='line_1_21' title="bbox 177 2114 1210 2201; baseline 0.001 -22"><span class='ocrx_word' id='word_1_158' title='bbox 177 2114 382 2199; x_wconf 82' lang='lat' dir='ltr'><strong>Pythagoras</strong></span> <span class='ocrx_word' id='word_1_159' title='bbox 402 2119 435 2179; x_wconf 89' lang='lat' dir='ltr'><strong>et</strong></span> <span class='ocrx_word' id='word_1_160' title='bbox 452 2114 675 2201; x_wconf 81' lang='lat' dir='ltr'><strong>Empedocles,</strong></span> <span class='ocrx_word' id='word_1_161' title='bbox 692 2138 791 2182; x_wconf 84' lang='lat' dir='ltr'><strong>unam</strong></span> <span class='ocrx_word' id='word_1_162' title='bbox 810 2117 955 2182; x_wconf 90' lang='lat' dir='ltr'><strong>omnium</strong></span> <span class='ocrx_word' id='word_1_163' title='bbox 969 2118 1180 2184; x_wconf 85' lang='lat' dir='ltr'><strong>animantium</strong></span> <span class='ocrx_word' id='word_1_164' title='bbox 1191 2131 1210 2169; x_wconf 75' lang='lat'><strong>²⁰</strong></span> 
     </span>
     <span class='ocr_line' id='line_1_22' title="bbox 178 2202 1180 2290; baseline 0.001 -23"><span class='ocrx_word' id='word_1_165' title='bbox 178 2202 397 2267; x_wconf 89' lang='lat' dir='ltr'><strong>condicionem</strong></span> <span class='ocrx_word' id='word_1_166' title='bbox 427 2203 508 2268; x_wconf 86' lang='lat' dir='ltr'><strong>iuris</strong></span> <span class='ocrx_word' id='word_1_167' title='bbox 539 2225 610 2268; x_wconf 88' lang='lat' dir='ltr'><strong>esse</strong></span> <span class='ocrx_word' id='word_1_168' title='bbox 642 2203 835 2270; x_wconf 83' lang='lat' dir='ltr'><strong>denuntiant</strong></span> <span class='ocrx_word' id='word_1_169' title='bbox 864 2205 1074 2290; x_wconf 86' lang='lat' dir='ltr'><strong>clamantque</strong></span> <span class='ocrx_word' id='word_1_170' title='bbox 1101 2207 1180 2271; x_wconf 85' lang='lat' dir='ltr'><strong>inex·</strong></span> 
     </span>
     <span class='ocr_line' id='line_1_23' title="bbox 176 2290 1179 2378; baseline 0 -24"><span class='ocrx_word' id='word_1_171' title='bbox 176 2290 308 2376; x_wconf 80' lang='lat' dir='ltr'><strong>piabilis</strong></span> <span class='ocrx_word' id='word_1_172' title='bbox 334 2312 456 2375; x_wconf 86' lang='lat' dir='ltr'><strong>poenas</strong></span> <span class='ocrx_word' id='word_1_173' title='bbox 484 2291 669 2377; x_wconf 88' lang='lat' dir='ltr'><strong>impendere</strong></span> <span class='ocrx_word' id='word_1_174' title='bbox 695 2292 749 2376; x_wconf 75' lang='lat' dir='ltr'><strong>iic,</strong></span> <span class='ocrx_word' id='word_1_175' title='bbox 777 2293 935 2378; x_wconf 82' lang='lat' dir='ltr'><strong>aquibus</strong></span> <span class='ocrx_word' id='word_1_176' title='bbox 958 2294 1120 2360; x_wconf 85' lang='lat' dir='ltr'><strong>violatum</strong></span> <span class='ocrx_word' id='word_1_177' title='bbox 1142 2293 1179 2357; x_wconf 86' lang='lat' dir='ltr'><strong>sit</strong></span> 
     </span>
     <span class='ocr_line' id='line_1_24' title="bbox 177 2377 1188 2466; baseline 0 -22"><span class='ocrx_word' id='word_1_178' title='bbox 177 2379 306 2444; x_wconf 84' lang='lat' dir='ltr'><strong>animal.</strong></span> <span class='ocrx_word' id='word_1_179' title='bbox 347 2377 458 2444; x_wconf 81' lang='lat' dir='ltr'><strong>Scelus</strong></span> <span class='ocrx_word' id='word_1_180' title='bbox 482 2384 533 2444; x_wconf 90' lang='lat' dir='ltr'><strong>est</strong></span> <span class='ocrx_word' id='word_1_181' title='bbox 554 2380 656 2466; x_wconf 85' lang='lat' dir='ltr'><strong>igitur</strong></span> <span class='ocrx_word' id='word_1_182' title='bbox 677 2402 793 2446; x_wconf 89' lang='lat' dir='ltr'><strong>nocere</strong></span> <span class='ocrx_word' id='word_1_183' title='bbox 815 2381 948 2466; x_wconf 85' lang='lat' dir='ltr'><strong>bestiae,</strong></span> <span class='ocrx_word' id='word_1_184' title='bbox 972 2383 1060 2466; x_wconf 88' lang='lat' dir='ltr'><strong>quod</strong></span> <span class='ocrx_word' id='word_1_185' title='bbox 1082 2383 1188 2448; x_wconf 88' lang='lat' dir='ltr'><strong>scelus</strong></span> 
     </span>
     <span class='ocr_line' id='line_1_25' title="bbox 178 2467 417 2552; baseline -0.004 -19"><span class='ocrx_word' id='word_1_186' title='bbox 178 2468 234 2552; x_wconf 88' lang='lat' dir='ltr'><strong>qui</strong></span> <span class='ocrx_word' id='word_1_187' title='bbox 255 2467 350 2533; x_wconf 88' lang='lat' dir='ltr'><strong>velit.</strong></span> <span class='ocrx_word' id='word_1_188' title='bbox 365 2517 372 2532; x_wconf 92' lang='lat'><strong>.</strong></span> <span class='ocrx_word' id='word_1_189' title='bbox 387 2516 417 2532; x_wconf 86' lang='lat'><strong>..</strong></span> 
     </span>
    </p>
   </div>
   <div class='ocr_carea' id='block_1_4' title="bbox 104 2573 1227 3555">
    <p class='ocr_par' dir='ltr' id='par_1_6' title="bbox 490 2573 866 2655">
     <span class='ocr_line' id='line_1_26' title="bbox 490 2573 866 2655; baseline 0.005 -17"><span class='ocrx_word' id='word_1_190' title='bbox 490 2573 611 2654; x_wconf 74' lang='lat' dir='ltr'><strong>[Multa</strong></span> <span class='ocrx_word' id='word_1_191' title='bbox 632 2573 866 2655; x_wconf 60' lang='lat' dir='ltr'><strong>desiderum]</strong></span> 
     </span>
    </p>

    <p class='ocr_par' dir='ltr' id='par_1_7' title="bbox 123 2645 1206 3294">
     <span class='ocr_line' id='line_1_27' title="bbox 123 2645 1206 2772; baseline 0.004 -29"><span class='ocrx_word' id='word_1_192' title='bbox 123 2645 167 2772; x_wconf 56' lang='grc' dir='ltr'><strong>ἐξ</strong></span> <span class='ocrx_word' id='word_1_193' title='bbox 177 2679 243 2759; x_wconf 85' lang='lat'>[13.</span> <span class='ocrx_word' id='word_1_194' title='bbox 257 2682 307 2760; x_wconf 57' lang='grc' dir='ltr'><strong>ῃ]</strong></span> <span class='ocrx_word' id='word_1_195' title='bbox 380 2677 433 2744; x_wconf 69' lang='lat' dir='ltr'><strong>Ver</strong></span> <span class='ocrx_word' id='word_1_196' title='bbox 454 2678 485 2744; x_wconf 72' lang='lat' dir='ltr'><strong>a·</strong></span> <span class='ocrx_word' id='word_1_197' title='bbox 506 2679 660 2745; x_wconf 66' lang='lat' dir='ltr'><strong>sauram</strong></span> <span class='ocrx_word' id='word_1_198' title='bbox 680 2681 766 2762; x_wconf 71' lang='lat' dir='ltr'><strong>seque</strong></span> <span class='ocrx_word' id='word_1_199' title='bbox 786 2679 863 2746; x_wconf 73' lang='lat' dir='ltr'><strong>coer</strong></span> <span class='ocrx_word' id='word_1_200' title='bbox 879 2680 936 2758; x_wconf 68' lang='lat' dir='ltr'><strong>aa,</strong></span> <span class='ocrx_word' id='word_1_201' title='bbox 958 2680 1062 2747; x_wconf 65' lang='lat' dir='ltr'><strong>acuar</strong></span> <span class='ocrx_word' id='word_1_202' title='bbox 1079 2686 1206 2747; x_wconf 66' lang='lat' dir='ltr'><strong>anona</strong></span> 
     </span>
     <span class='ocr_line' id='line_1_28' title="bbox 176 2767 1176 2852; baseline 0.004 -22"><span class='ocrx_word' id='word_1_203' title='bbox 176 2767 257 2832; x_wconf 78' lang='lat' dir='ltr'><strong>iuris</strong></span> <span class='ocrx_word' id='word_1_204' title='bbox 277 2767 408 2849; x_wconf 59' lang='lat' dir='ltr'><strong>maurus</strong></span> <span class='ocrx_word' id='word_1_205' title='bbox 425 2767 526 2848; x_wconf 75' lang='lat' dir='ltr'><strong>pectis</strong></span> <span class='ocrx_word' id='word_1_206' title='bbox 546 2787 621 2832; x_wconf 80' lang='lat' dir='ltr'><strong>suae</strong></span> <span class='ocrx_word' id='word_1_207' title='bbox 642 2768 718 2850; x_wconf 76' lang='lat' dir='ltr'><strong>tepea</strong></span> <span class='ocrx_word' id='word_1_208' title='bbox 740 2773 898 2852; x_wconf 71' lang='lat' dir='ltr'><strong>tamqnam</strong></span> <span class='ocrx_word' id='word_1_209' title='bbox 918 2787 1025 2834; x_wconf 72' lang='lat' dir='ltr'><strong>rcum</strong></span> <span class='ocrx_word' id='word_1_210' title='bbox 1046 2770 1100 2836; x_wconf 78' lang='lat' dir='ltr'><strong>ius</strong></span> <span class='ocrx_word' id='word_1_211' title='bbox 1119 2789 1176 2835; x_wconf 84' lang='lat' dir='ltr'><strong>am·</strong></span> 
     </span>
     <span class='ocr_line' id='line_1_29' title="bbox 170 2853 1177 2941; baseline 0.001 -24"><span class='ocrx_word' id='word_1_212' title='bbox 170 2853 331 2937; x_wconf 67' lang='lat' dir='ltr'><strong>plectetur,</strong></span> <span class='ocrx_word' id='word_1_213' title='bbox 356 2875 434 2937; x_wconf 79' lang='lat' dir='ltr'><strong>quas</strong></span> <span class='ocrx_word' id='word_1_214' title='bbox 460 2875 523 2921; x_wconf 78' lang='lat' dir='ltr'><strong>non</strong></span> <span class='ocrx_word' id='word_1_215' title='bbox 544 2855 648 2938; x_wconf 77' lang='lat' dir='ltr'><strong>utiquc</strong></span> <span class='ocrx_word' id='word_1_216' title='bbox 668 2857 802 2940; x_wconf 71' lang='lat' dir='ltr'><strong>irretitis,</strong></span> <span class='ocrx_word' id='word_1_217' title='bbox 828 2857 882 2922; x_wconf 81' lang='lat' dir='ltr'><strong>sed</strong></span> <span class='ocrx_word' id='word_1_218' title='bbox 901 2857 1022 2923; x_wconf 63' lang='lat' dir='ltr'><strong>militm</strong></span> <span class='ocrx_word' id='word_1_219' title='bbox 1043 2858 1177 2941; x_wconf 75' lang='lat' dir='ltr'><strong>repperit</strong></span> 
     </span>
     <span class='ocr_line' id='line_1_30' title="bbox 177 2937 1177 3028; baseline 0.001 -23"><span class='ocrx_word' id='word_1_220' title='bbox 177 2937 242 3005; x_wconf 77' lang='lat' dir='ltr'><strong>Gur</strong></span> <span class='ocrx_word' id='word_1_221' title='bbox 263 2943 345 3006; x_wconf 81' lang='lat' dir='ltr'><strong>enim</strong></span> <span class='ocrx_word' id='word_1_222' title='bbox 360 2962 420 3023; x_wconf 75' lang='lat' dir='ltr'><strong>per</strong></span> <span class='ocrx_word' id='word_1_223' title='bbox 442 2962 544 3008; x_wconf 77' lang='lat' dir='ltr'><strong>omnes</strong></span> <span class='ocrx_word' id='word_1_224' title='bbox 562 2943 692 3028; x_wconf 76' lang='lat' dir='ltr'><strong>popcrlos</strong></span> <span class='ocrx_word' id='word_1_225' title='bbox 712 2945 834 3010; x_wconf 82' lang='lat' dir='ltr'><strong>diversa</strong></span> <span class='ocrx_word' id='word_1_226' title='bbox 854 2949 884 3010; x_wconf 81' lang='lat' dir='ltr'><strong>et</strong></span> <span class='ocrx_word' id='word_1_227' title='bbox 902 2947 995 3010; x_wconf 64' lang='lat' dir='ltr'><strong>vana</strong></span> <span class='ocrx_word' id='word_1_228' title='bbox 1015 2946 1090 3012; x_wconf 79' lang='lat' dir='ltr'><strong>iura</strong></span> <span class='ocrx_word' id='word_1_229' title='bbox 1110 2949 1177 3012; x_wconf 81' lang='lat' dir='ltr'><strong>sunt</strong></span> 
     </span>
     <span class='ocr_line' id='line_1_31' title="bbox 176 3029 1177 3117; baseline 0.007 -24"><span class='ocrx_word' id='word_1_230' title='bbox 176 3030 306 3107; x_wconf 75' lang='lat' dir='ltr'><strong>condita,</strong></span> <span class='ocrx_word' id='word_1_231' title='bbox 330 3029 394 3094; x_wconf 71' lang='lat' dir='ltr'><strong>aar</strong></span> <span class='ocrx_word' id='word_1_232' title='bbox 415 3032 496 3112; x_wconf 72' lang='lat' dir='ltr'><strong>quod</strong></span> <span class='ocrx_word' id='word_1_233' title='bbox 513 3043 580 3097; x_wconf 78' lang='lat' dir='ltr'><strong>una</strong></span> <span class='ocrx_word' id='word_1_234' title='bbox 599 3053 732 3114; x_wconf 75' lang='lat' dir='ltr'><strong>quaeque</strong></span> <span class='ocrx_word' id='word_1_235' title='bbox 745 3052 820 3115; x_wconf 71' lang='lat' dir='ltr'><strong>pens</strong></span> <span class='ocrx_word' id='word_1_236' title='bbox 837 3033 873 3098; x_wconf 77' lang='lat' dir='ltr'><strong>id</strong></span> <span class='ocrx_word' id='word_1_237' title='bbox 887 3033 948 3099; x_wconf 79' lang='lat' dir='ltr'><strong>siti</strong></span> <span class='ocrx_word' id='word_1_238' title='bbox 965 3036 1079 3116; x_wconf 70' lang='lat' dir='ltr'><strong>mult,</strong></span> <span class='ocrx_word' id='word_1_239' title='bbox 1102 3033 1177 3117; x_wconf 78' lang='lat' dir='ltr'><strong>quod</strong></span> 
     </span>
     <span class='ocr_line' id='line_1_32' title="bbox 169 3117 1206 3202; baseline 0.002 -20"><span class='ocrx_word' id='word_1_240' title='bbox 169 3119 297 3200; x_wconf 76' lang='lat' dir='ltr'><strong>putavit</strong></span> <span class='ocrx_word' id='word_1_241' title='bbox 316 3117 405 3183; x_wconf 71' lang='lat' dir='ltr'><strong>retra</strong></span> <span class='ocrx_word' id='word_1_242' title='bbox 426 3119 493 3184; x_wconf 73' lang='lat' dir='ltr'><strong>scic</strong></span> <span class='ocrx_word' id='word_1_243' title='bbox 513 3120 610 3186; x_wconf 70' lang='lat' dir='ltr'><strong>aule?</strong></span> <span class='ocrx_word' id='word_1_244' title='bbox 647 3120 805 3202; x_wconf 60' lang='lat' dir='ltr'><strong>erarium</strong></span> <span class='ocrx_word' id='word_1_245' title='bbox 825 3125 928 3186; x_wconf 69' lang='lat' dir='ltr'><strong>uuum</strong></span> <span class='ocrx_word' id='word_1_246' title='bbox 949 3141 972 3186; x_wconf 85' lang='lat' dir='ltr'><strong><em>a</em></strong></span> <span class='ocrx_word' id='word_1_247' title='bbox 992 3123 1114 3188; x_wconf 58' lang='lat' dir='ltr'><strong>iuram</strong></span> <span class='ocrx_word' id='word_1_248' title='bbox 1133 3132 1206 3184; x_wconf 67' lang='lat' dir='ltr'><strong>reu</strong></span> 
     </span>
     <span class='ocr_line' id='line_1_33' title="bbox 175 3205 1172 3294; baseline 0.004 -24"><span class='ocrx_word' id='word_1_249' title='bbox 175 3205 261 3270; x_wconf 74' lang='lat' dir='ltr'><strong>cedar</strong></span> <span class='ocrx_word' id='word_1_250' title='bbox 284 3206 417 3288; x_wconf 71' lang='lat' dir='ltr'><strong>arilina,</strong></span> <span class='ocrx_word' id='word_1_251' title='bbox 439 3208 573 3288; x_wconf 74' lang='lat' dir='ltr'><strong>populus</strong></span> <span class='ocrx_word' id='word_1_252' title='bbox 598 3209 663 3290; x_wconf 70' lang='lat' dir='ltr'><strong>epse</strong></span> <span class='ocrx_word' id='word_1_253' title='bbox 683 3207 846 3276; x_wconf 78' lang='lat' dir='ltr'><strong>Romanus</strong></span> <span class='ocrx_word' id='word_1_254' title='bbox 867 3211 962 3294; x_wconf 63' lang='lat' dir='ltr'><strong>dosa,</strong></span> <span class='ocrx_word' id='word_1_255' title='bbox 987 3212 1043 3293; x_wconf 76' lang='lat' dir='ltr'><strong>qui</strong></span> <span class='ocrx_word' id='word_1_256' title='bbox 1059 3231 1116 3292; x_wconf 80' lang='lat' dir='ltr'><strong>per</strong></span> <span class='ocrx_word' id='word_1_257' title='bbox 1133 3211 1172 3289; x_wconf 77' lang='lat' dir='ltr'><strong>fe·</strong></span> 
     </span>
    </p>

    <p class='ocr_par' dir='ltr' id='par_1_8' title="bbox 104 3293 1172 3380">
     <span class='ocr_line' id='line_1_34' title="bbox 104 3293 1172 3380; baseline 0.01 -26"><span class='ocrx_word' id='word_1_258' title='bbox 104 3331 107 3336; x_wconf 87' lang='lat'><em>·</em></span> <span class='ocrx_word' id='word_1_259' title='bbox 176 3293 264 3356; x_wconf 78' lang='lat' dir='ltr'><strong>tiales</strong></span> <span class='ocrx_word' id='word_1_260' title='bbox 291 3293 369 3358; x_wconf 81' lang='lat' dir='ltr'><strong>bellu</strong></span> <span class='ocrx_word' id='word_1_261' title='bbox 394 3295 554 3360; x_wconf 77' lang='lat' dir='ltr'><strong>indicendo</strong></span> <span class='ocrx_word' id='word_1_262' title='bbox 581 3301 611 3360; x_wconf 77' lang='lat' dir='ltr'><strong>et</strong></span> <span class='ocrx_word' id='word_1_263' title='bbox 636 3297 766 3380; x_wconf 66' lang='lat' dir='ltr'><strong>lepitrrce</strong></span> <span class='ocrx_word' id='word_1_264' title='bbox 787 3298 923 3364; x_wconf 68' lang='lat' dir='ltr'><strong>intartae</strong></span> <span class='ocrx_word' id='word_1_265' title='bbox 942 3299 1083 3379; x_wconf 58' lang='lat' dir='ltr'><strong>sacerdo</strong></span> <span class='ocrx_word' id='word_1_266' title='bbox 1103 3318 1172 3364; x_wconf 80' lang='lat' dir='ltr'><strong>eem-</strong></span> 
     </span>
    </p>

    <p class='ocr_par' dir='ltr' id='par_1_9' title="bbox 108 3377 1227 3555">
     <span class='ocr_line' id='line_1_35' title="bbox 108 3377 1172 3478; baseline 0.008 -35"><span class='ocrx_word' id='word_1_267' title='bbox 108 3377 110 3393; x_wconf 79' lang='grc'>’</span> <span class='ocrx_word' id='word_1_268' title='bbox 172 3397 285 3478; x_wconf 73' lang='lat' dir='ltr'><strong>perque</strong></span> <span class='ocrx_word' id='word_1_269' title='bbox 310 3381 415 3445; x_wconf 69' lang='lat' dir='ltr'><strong>alinea</strong></span> <span class='ocrx_word' id='word_1_270' title='bbox 436 3382 582 3462; x_wconf 75' lang='lat' dir='ltr'><strong>cupiendo</strong></span> <span class='ocrx_word' id='word_1_271' title='bbox 604 3389 694 3466; x_wconf 77' lang='lat' dir='ltr'><strong>atque</strong></span> <span class='ocrx_word' id='word_1_272' title='bbox 714 3387 862 3469; x_wconf 75' lang='lat' dir='ltr'><strong>rapiendo</strong></span> <span class='ocrx_word' id='word_1_273' title='bbox 878 3389 1098 3468; x_wconf 66' lang='lat' dir='ltr'><strong>possesionem</strong></span> <span class='ocrx_word' id='word_1_274' title='bbox 1116 3385 1172 3451; x_wconf 76' lang='lat' dir='ltr'><strong>au</strong></span> 
     </span>
     <span class='ocr_line' id='line_1_36' title="bbox 175 3467 1227 3555; baseline 0.01 -27"><span class='ocrx_word' id='word_1_275' title='bbox 175 3469 267 3530; x_wconf 79' lang='lat' dir='ltr'><strong>tetrus</strong></span> <span class='ocrx_word' id='word_1_276' title='bbox 283 3467 365 3532; x_wconf 77' lang='lat' dir='ltr'><strong>crtr&#39;s</strong></span> <span class='ocrx_word' id='word_1_277' title='bbox 380 3469 576 3548; x_wconf 68' lang='lat' dir='ltr'><strong>murmuravit.</strong></span> <span class='ocrx_word' id='word_1_278' title='bbox 599 3469 798 3552; x_wconf 57' lang='lat' dir='ltr'><strong>(Laeanitae</strong></span> <span class='ocrx_word' id='word_1_279' title='bbox 810 3476 882 3541; x_wconf 77' lang='lat' dir='ltr'><strong>iret.</strong></span> <span class='ocrx_word' id='word_1_280' title='bbox 895 3476 956 3541; x_wconf 78' lang='lat' dir='ltr'><strong>div.</strong></span> <span class='ocrx_word' id='word_1_281' title='bbox 969 3475 1020 3542; x_wconf 83' lang='lat' dir='ltr'><strong>VI</strong></span> <span class='ocrx_word' id='word_1_282' title='bbox 1026 3482 1055 3541; x_wconf 83' lang='lat'><strong>9.</strong></span> <span class='ocrx_word' id='word_1_283' title='bbox 1063 3470 1171 3555; x_wconf 75' lang='lat'><em>2-4.)</em></span> <span class='ocrx_word' id='word_1_284' title='bbox 1226 3547 1227 3550; x_wconf 8' lang='grc' dir='ltr'><strong>Ἴ</strong></span> 
     </span>
    </p>
   </div>
   <div class='ocr_carea' id='block_1_5' title="bbox 0 0 1246 3936">
    <p class='ocr_par' dir='ltr' id='par_1_10' title="bbox 0 0 1246 3936">
     <span class='ocr_line' id='line_1_37' title="bbox 0 0 1246 3936; baseline 0 0"><span class='ocrx_word' id='word_1_285' title='bbox 0 0 1246 3936; x_wconf 95' lang='lat' dir='ltr'><strong> </strong></span> 
     </span>
    </p>
   </div>
  </div>
 </body>
</html>
