2478 3936
291 157 359 212 LIB.
379 159 413 215 Π.
434 157 510 215 ΟΔΡ.
530 165 635 214 ιιι-39
654 164 669 225 ὅ
688 164 819 214 ao-loo.
1017 162 1057 226 81

76 323 143 387 quae
163 307 280 388 quanto
303 302 439 368 consilio
462 306 630 388 gerantur,
652 303 744 368 nullo
767 303 903 369 consilio
926 303 1060 390 adsequi

75 392 246 474 muamus?
291 390 359 474 An,
391 413 464 456 oum
496 390 734 456 machinatione
764 391 904 476 quadam
935 392 1059 458 moveri

74 479 176 562 aliquid
196 479 356 562 ridemus,
380 483 418 544 ut
441 479 626 565 sphaeram,
648 483 686 544 ut
707 479 820 564 horas,
841 482 879 544 ut
902 480 967 545 alia
989 503 1059 567 per·

73 568 172 651 multa,
201 588 268 633 non
292 566 491 652 dubitamus,
515 567 593 652 quin
615 567 674 632 illa
696 589 796 652 opera
819 567 885 632 sint
907 568 1058 652 rationis,

49 670 131 720 acum
155 659 264 720 autem
290 654 450 741 impetum
476 655 558 720 caeli
585 677 658 722 oum
685 655 870 722 admirabili
892 657 1058 722 celeritate

71 743 176 807 noceri
196 743 345 828 vertique
367 742 533 808 videamus
556 743 819 810 constantissime
837 745 1060 811 conficientem

70 831 291 896 vicissitudines
315 831 551 898 anniversarias
575 853 648 897 cum
666 854 793 897 summa
811 833 917 898 salute
936 837 969 897 et
987 855 1059 900 con-

68 919 238 984 servatione
265 941 375 984 rerum
402 919 560 1004 omnium,
592 919 790 1004 dubitamus,
823 920 901 1003 quin
928 941 966 985 ea
992 942 1060 986 non

68 1007 158 1072 solum
188 1007 316 1073 ratione
346 1007 441 1089 fiant,
473 1007 530 1072 sed
561 1007 660 1073 etiam
691 1007 861 1072 excellenti
888 1008 1059 1092 divinaque

33 1110 55 1150 ιι
67 1095 199 1161 ratione?
222 1095 300 1160 lieet
323 1095 408 1160 enim
430 1096 496 1162 iam
518 1100 623 1162 remot
624 1119 644 1160 ι
609 1096 796 1160 tsubtilit
781 1099 850 1160 tate
873 1095 1059 1181 disputandi
1077 1109 1112 1158 98

67 1183 154 1248 oeulis
173 1182 315 1267 quodam
328 1183 424 1248 modo
438 1183 652 1268 contemplari
664 1183 937 1269 pulchritudinem
950 1207 1058 1249 rerum

66 1289 173 1355 earum,
196 1293 278 1356 quas
301 1271 410 1336 divina
432 1271 636 1356 providentia
658 1272 793 1338 dicimus
816 1295 892 1338 cons
895 1272 1020 1338 titutas.

121 1360 168 1426 Ao
198 1359 359 1444 principio
390 1363 479 1425 terra
508 1361 659 1425 universa
690 1365 853 1445 cernatur,
885 1361 994 1427 locata
1024 1363 1110 1427 inae

65 1447 159 1513 medie
181 1448 256 1512 sede
279 1447 404 1531 mundi,
426 1447 587 1513 solidat
554 1451 587 1513 et
609 1449 747 1535 globosa
769 1453 802 1514 et
824 1450 997 1534 undique'
987 1471 1060 1534 rpsa

33 1534 93 1598 uin
112 1556 180 1601 sese
202 1536 337 1602 nutibus
361 1536 427 1600 suis
450 1537 659 1622 conglobata,
681 1537 801 1603 vestita
823 1537 967 1620 fioribus,
989 1538 1060 1601 her·

64 1623 107 1688 bis
111 1624 328 1708 ,arboribue,
348 1624 511 1709 frugibus,
535 1646 673 1708 quorum
696 1625 840 1690 omnium
861 1588 1059 1690 incredibilis

63 1712 165 1786 multit
150 1711 230 1778 tudo
253 1711 434 1777 insatiabili
454 1713 613 1778 varietate
632 1711 851 1797 distinguitur.
887 1711 979 1776 Adde
996 1713 1060 1778 buc

62 1797 194 1866 fontium
217 1800 342 1886 gelidas
365 1801 597 1884 perennitates,
624 1799 767 1884 liquores
789 1798 971 1884 perlucidos
995 1822 1060 1865 am·

62 1888 151 1973 nium,
174 1889 320 1973 riparum
342 1888 479 1956 vestitus
498 1888 721 1973 uiridissimus,
743 1889 970 1974 speluncarum
988 1911 1061 1955 con·

33 1988 149 2042 ”muas
177 1976 380 2061 altitudines,
408 1998 558 2042 saxorum
580 1976 791 2062 asperitates,
816 1976 1060 2062 inpendentium

62 2065 216 2130 montium
240 2027 428 2130 altitudines
450 2065 738 2149 inmensitatesque
756 2087 956 2150 camporum,
979 2065 1060 2131 adde

62 2153 155 2252 etiarn
185 2153 368 2218 reconditas
395 2153 466 2218 auri
493 2153 684 2239 argentique
710 2175 810 2219 venas
835 2153 943 2218 infinit
929 2158 1060 2239 tamque

62 2241 121 2304 vim
142 2240 325 2306 marmoris.
367 2238 455 2316 Quae
477 2263 553 2306 vero
577 2245 609 2307 et
633 2263 731 2324 quam
753 2241 844 2307 varia
866 2263 986 2327 genera
1008 2243 1060 2306 be
1079 2253 1112 2302 ιι

62 2328 193 2394 ιιιιιιιιιι
211 2329 264 2393 vel
282 2329 424 2394 cicurum
442 2329 494 2394 vel
511 2329 666 2394 ferarum!
686 2351 741 2412 qur
733 2329 935 2394 volucrium
949 2330 1060 2414 lapsus

36 2421 153 2501 casque
182 2437 244 2484 can
244 2418 312 2481 tus!
344 2417 400 2500 qui
427 2417 583 2501 pecudum
610 2418 738 2502 pastus!
771 2439 853 2502 quae
875 2417 945 2481 rita
967 2417 1060 2481 silue

62 2505 186 2570 striuml
232 2503 315 2580 Quid
342 2505 410 2570 iem
439 2505 478 2569 de
506 2504 673 2570 hominum
702 2526 819 2590 genere
846 2504 972 2568 dicam?
1005 2505 1061 2589 qui

62 2594 149 2676 quasi
180 2593 322 2660 cultores
354 2597 460 2658 terrae
492 2593 663 2659 constituti
693 2614 760 2658 non
790 2592 959 2676 patiuntur
989 2614 1061 2658 eam

62 2702 112 2746 neo
138 2680 334 2748 inmanitate
360 2681 530 2747 beluarum
557 2681 685 2746 efferari
710 2701 769 2746 neo
797 2679 948 2764 stirpium
973 2702 1061 2764 aspe

63 2770 154 2835 ritate
176 2770 316 2853 vastari,
339 2791 539 2854 quorumque
562 2769 714 2854 operibus
737 2767 820 2852 agri,
840 2768 965 2832 insulae
988 2769 1062 2836 lito
1124 2803 1131 2808 ·

35 2867 155 2942 traque
184 2858 347 2922 collucent
375 2857 529 2924 distincta
550 2857 646 2922 tectis
669 2860 703 2920 et
725 2855 868 2921 urbibus.
914 2854 1002 2932 Quae
1025 2858 1062 2942 si,

63 2950 94 3009 ut
115 2946 243 3030 animis,
266 2945 313 3012 sic
335 2947 438 3011 oculis
460 2945 569 3011 ridere
591 2965 772 3029 possemus,
795 2965 890 3010 nemo
914 2950 1062 3012 cunctam

63 3033 185 3100 intuens
208 3038 331 3100 terram
354 3035 392 3100 de
415 3034 525 3100 divina
546 3032 672 3098 ratione
700 3032 871 3098 dubitaret.
911 3034 958 3098 At
976 3056 1053 3100 sero
1065 3045 1116 3092 100

64 3125 179 3204 quante
209 3123 310 3187 maris
332 3127 383 3188 est
388 3121 625 3273 tpulchritudo!
657 3143 739 3204 quae
762 3121 884 3206 species
907 3121 1062 3190 universi!

65 3231 139 3292 quae
167 3210 342 3276 multitudo
370 3212 403 3274 et
430 3209 572 3274 varietas
595 3209 787 3274 insularum!
816 3230 898 3292 quae
922 3207 1062 3272 amoeni·

40 3300 143 3364 “ntes
171 3320 303 3365 orarum
330 3320 367 3362 ac
394 3297 542 3362 litorum!
574 3301 653 3380 quot
676 3316 796 3382 genera
818 3315 979 3395 quamque
1002 3294 1064 3358 dis·

66 3386 149 3467 paria
170 3387 294 3472 partim
317 3386 570 3467 submersarum,
592 3384 714 3469 partim
736 3382 876 3448 fluitant'
852 3387 935 3446 trum
957 3381 1026 3445 et'
1017 3404 1064 3445 rn-

68 3475 206 3540 uautium
242 3473 424 3558 beluarum,
465 3435 586 3557 partirir
623 3471 665 3536 ad
700 3493 779 3535 saxa
813 3468 933 3534 nativis
969 3469 1064 3533 testis

112 3595 258 3638 oro..1va
836 3576 853 3622 ⁶
