2452 3938
401 185 477 242 GAP.
498 192 574 244 1-3.
598 191 710 252 §1-5.
1000 189 1065 254 253

61 329 203 394 tionibus
235 329 486 394 consumebatur
516 329 634 414 oratio,
667 329 763 414 idque
795 334 828 396 et
860 353 956 416 saepe
983 332 1066 398 alias

62 421 93 480 et
119 417 260 500 quodam
286 416 450 500 liberiore,
480 439 577 501 quam
605 416 744 502 solebat,
775 421 808 484 ct
834 420 941 506 magis
963 443 1066 486 vacuo

62 505 100 569 ab
118 503 396 571 interventoribus
415 505 474 588 die,
494 527 567 572 cum
586 505 627 570 ad
645 527 697 570 me
714 505 772 570 ille
789 507 942 592 venisset,
960 509 1066 593 primo

61 613 110 675 ea,
138 614 222 677 quac
246 595 339 660 erant
361 593 524 660 cotidiana
546 597 580 660 et
603 594 697 680 quasi
719 594 868 678 legitima
890 597 999 681 nobis,
1027 596 1068 662 de

39 698 138 766 space
162 683 195 744 et
218 680 257 746 dc
280 680 357 746 otio.

123 767 249 843 Quibus
273 769 355 834 actis
378 767 462 844 Quid
484 768 585 853 ergo?
607 769 714 854 inquit
735 770 801 856 ille,
824 773 978 855 quoniam
997 751 1105 876 ora-g

60 857 160 922 torias
175 856 420 922 exercitationes
434 877 501 922 non
513 859 551 920 tu
564 856 704 943 quidem,
721 862 759 922 ut
772 880 877 943 spero,
895 859 1067 944 reliquisti,

62 945 114 1010 sed
146 947 235 1010 certe
263 943 505 1028 philosophiam
536 945 601 1010 illis
632 946 860 1031 anteposuisti,
891 969 1066 1031 possumne

61 1033 181 1117 aliquid
206 1031 337 1098 audire?
374 1031 424 1100 Tu
446 1053 536 1117 vero,
563 1033 709 1116 inquam,
737 1034 789 1099 vel
813 1033 922 1100 audire
944 1034 997 1100 vel
1021 1035 1066 1100 di-

30 1137 142 1204 10cere;
169 1141 231 1186 nec
253 1120 348 1204 enim,
370 1120 404 1186 id
427 1119 512 1204 quod
534 1124 621 1186 recte
644 1121 819 1205 existimas,
842 1122 985 1188 oratoria
1007 1123 1067 1188 illa

61 1209 166 1274 studia
196 1208 337 1292 deserui,
366 1207 483 1293 quibus
513 1209 613 1273 etiam
639 1212 673 1274 te
699 1209 839 1294 incendi,
869 1231 1066 1295 quamquam

60 1295 358 1382 flagrantissumum
381 1317 575 1382 acceperam,
597 1319 656 1362 nec
679 1319 725 1382 ca,
748 1320 830 1382 quae
847 1320 933 1366 nunc
950 1303 1066 1384 tracto,

60 1385 223 1468 minuunt,
251 1384 306 1450 sed
333 1387 454 1470 augent
480 1384 589 1468 potius
616 1385 709 1452 illam
735 1385 934 1452 facultatem.
979 1386 1065 1454 Nam

61 1495 131 1538 oum
148 1473 214 1538 hoc
231 1491 348 1556 genere
367 1471 603 1558 philosophiae,
622 1472 707 1557 quod
725 1494 785 1541 nos
804 1475 977 1560 sequimur,
1000 1499 1066 1540 ma·

30 1577 50 1617 1⁵
62 1583 158 1646 gnam
185 1559 288 1626 habet
310 1563 422 1626 orator
445 1561 646 1643 societatem
675 1561 893 1629 subtilitatem
916 1563 1002 1628 enirn
1025 1563 1065 1628 ab

61 1647 238 1714 Academia
265 1651 433 1715 mutuatur
464 1651 497 1712 et
526 1648 556 1713 ei
582 1648 727 1714 vicissim
753 1650 857 1715 reddit
884 1651 1067 1716 ubertatem

61 1735 230 1803 orationis·
250 1739 283 1800 ct
310 1739 501 1802 ornamenta
529 1735 661 1802 dicendi.
707 1735 811 1812 Quam
839 1736 880 1802 ob
908 1759 990 1823 rem,
1021 1739 1067 1802 in·

62 1846 171 1908 quam,
196 1823 349 1908 quoniam
371 1824 540 1910 utriusque
563 1824 663 1890 studii
684 1828 799 1890 nostra
820 1827 983 1908 possessio
1008 1830 1067 1910 est,

61 1913 168 1998 hodie,
192 1915 268 1980 utro
294 1911 361 1978 frui
388 1912 498 1996 malis,
527 1912 618 1998 optio
642 1912 686 1978 sit
708 1916 774 1980 tua.
820 1912 903 1980 Tum
925 1913 1067 1978 Hirtius:

31 1999 311 2084 nGratissumum,
334 2000 448 2084 inquit,
471 2003 505 2066 et
526 2004 657 2068 tuorum
679 2002 823 2066 omnium
842 2000 961 2086 simile3
983 2001 1066 2068 nihil

62 2090 146 2156 enirn
172 2109 328 2173 umquam
354 2088 470 2154 abnuit
491 2109 563 2154 meo
586 2089 694 2154 studio
717 2090 869 2156 voluntas
891 2094 958 2156 tua.
1004 2087 1102 2156 sedi

63 2177 215 2262 quoniam
237 2176 399 2243 rhetorica
421 2174 502 2242 mihi
524 2180 634 2242 vestra
656 2180 732 2242 sunt
754 2181 833 2242 nota
855 2181 953 2262 toque
972 2178 1066 2243 iniis

63 2269 93 2328 et
115 2265 300 2331 audivimus
322 2285 418 2348 saepe
441 2267 474 2328 et
497 2264 663 2330 audiemus
687 2269 783 2351 atque
802 2265 886 2331 hano
900 2266 1067 2331 Academi-

63 2375 172 2418 corum
205 2355 319 2418 contra
349 2351 553 2436 propositum
585 2351 772 2438 disputandi
803 2354 1067 2420 consuetudinem

31 2455 51 2494 2⁵
63 2441 206 2507 indicant
224 2443 258 2504 te
276 2440 454 2524 suscepisse
469 2439 667 2506 Tusculanae
686 2440 931 2524 disputationes,
948 2462 1067 2525 ponere

64 2529 200 2613 aliquid,
227 2528 269 2594 ad
297 2529 381 2612 quod
409 2527 551 2612 audiam,
579 2527 607 2592 si
634 2527 696 2592 tibi
722 2531 860 2593 nonest
883 2528 1066 2612 molestum,

63 2617 145 2682 volo.
190 2615 243 2680 An
266 2616 360 2700 mihi,
382 2615 527 2700 inquam,
549 2619 659 2701 potest
682 2615 854 2698 quicquam
876 2637 946 2682 csse
969 2616 1067 2682 mole

64 2708 158 2788 stum,
177 2704 269 2788 quod
290 2704 352 2769 tibi
375 2708 505 2790 gratum
527 2703 673 2768 futurum
695 2703 760 2768 sit?
793 2701 855 2768 Sed
877 2703 926 2768 ita
948 2704 1068 2789 audies,

63 2797 98 2858 ut
112 2793 299 2858 Romanum
316 2791 490 2875 hominem,
508 2795 546 2856 ut
563 2791 676 2856 timide
694 2791 928 2876 ingredientem
947 2791 988 2858 ad
1005 2792 1068 2858 hoc

31 2893 53 2934 ³⁰
65 2902 165 2965 genus
189 2879 387 2966 disputandi,
409 2883 447 2944 ut
469 2880 568 2966 longo
591 2878 764 2944 intervallo
788 2879 868 2945 haec
890 2879 998 2947 studia
1021 2902 1068 2946 re·

64 2971 235 3052 petentem.
275 2967 340 3052 Ita,
365 2967 484 3052 inquit,
507 2967 636 3034 audiam
658 2971 691 3032 te
715 2967 947 3052 disputantem,
970 2973 1007 3034 ut
1030 2991 1068 3036 ea

64 3056 148 3143 lego,
171 3078 253 3142 quae
273 3055 439 3140 scripsisti.
470 3055 609 3121 Proinde
627 3056 742 3122 ordire.
775 3054 988 3124 Considamus
1006 3057 1067 3122 hie.
1089 3112 1106 3147 o

136 3166 342 3230 ...quorum
365 3145 400 3209 in
423 3144 505 3228 aliis,
527 3148 565 3210 ut
587 3144 621 3208 in
644 3143 821 3228 Antipatro
843 3147 950 3228 potita,
972 3148 1009 3208 ut
1033 3145 1069 3208 in
1087 3141 1107 3238 ξ

64 3232 204 3298 brumali
227 3233 277 3298 die
295 3233 391 3317 natis,
413 3232 503 3298 utin
521 3231 618 3298 simul
637 3232 882 3317 aegrotantibus
901 3231 1068 3314 fratribus,

31 3324 100 3385 cuc
122 3321 157 3386 in
178 3321 281 3405 urina,
303 3325 340 3385 ut
362 3322 397 3386 in
418 3320 591 3406 unguibus,
613 3321 706 3384 utin
729 3319 862 3403 reliquis
884 3319 1068 3401 eiusmodi,

64 3413 199 3475 naturae
226 3409 378 3495 contagio
404 3410 507 3492 valet,
534 3431 631 3492 quam
654 3429 714 3493 ego
737 3429 804 3472 non
825 3407 922 3490 tollo,
944 3406 993 3472 vis
1017 3411 1068 3472 est

65 3497 155 3562 nulla
184 3497 311 3582 fatalis3
342 3497 378 3563 in
405 3496 477 3564 aliis
506 3501 615 3564 autem
644 3495 781 3562 fortuita
810 3493 967 3580 quaedam
997 3515 1068 3560 esse
