2478 3936
288 207 356 263 ΗΒ.
375 207 423 264 111.
443 207 519 264 CAP.
539 214 634 264 e—1o.
658 214 805 274 §eo—25.
989 208 1054 272 115

56 351 210 416 fidicinem
234 351 335 416 etiam
357 354 390 415 et
411 351 596 434 tubicinem,
620 351 772 434 quoniam
796 373 905 416 earum
930 373 1057 436 quoque

56 440 170 504 artium
187 440 337 504 homines
356 461 394 503 ex
412 461 450 504 eo
468 440 702 524 procreantur?
729 438 821 518 Nihil
834 440 937 525 igitur
952 439 1057 504 adfert

55 532 142 611 pater
165 528 229 592 iste
248 525 438 611 Stoicorum,
462 548 560 611 quare
583 527 738 592 mundum
756 528 882 592 ratione
899 528 949 592 uti
966 531 1057 612 pute-

55 635 129 698 mus,
152 637 194 680 ne
218 637 275 680 cur
297 615 495 679 animantem
519 614 647 698 quidem
670 635 748 680 esse.
784 614 860 680 Non
883 619 933 680 est
955 616 1058 701 igitur

35 703 188 768 amundus
213 704 300 786 deus,
324 706 488 768 ettamen
508 703 591 766 nihil
614 705 666 767 est
688 725 726 768 eo
749 703 879 787 melius,
901 703 984 768 nihil
1007 707 1057 768 est

55 791 133 854 enim
154 813 193 856 eo
208 790 385 876 pulchrius,
402 791 484 854 nihil
501 791 676 856 salutarius
690 791 793 876 nobis,
811 792 894 856 nihil
911 791 1057 857 ornatius

55 883 184 963 aspectu
207 882 362 962 motuque
385 878 595 943 constantius.
636 877 758 954 Quodsi
775 880 913 944 mundus
932 879 1057 945 univer-

55 987 103 1030 sus
119 989 190 1032 non
208 969 260 1031 est
278 966 364 1051 deus,
381 988 423 1030 ne
441 967 556 1031 stellae
575 966 713 1051 quidem,
733 971 864 1050 questu
877 968 1058 1032 innumera·

54 1054 124 1118 bilis
147 1055 185 1118 in
208 1053 341 1119 deorum
362 1075 496 1119 numero
519 1056 707 1139 reponebas,
730 1076 867 1138 quarum
889 1059 922 1120 te
945 1075 1057 1120 cursus

25 1142 238 1226 inaequabiles
262 1143 447 1226 aeternique
475 1142 692 1227 delectabant,
724 1164 784 1208 nec
807 1143 989 1208 mehercule
1011 1143 1057 1206 in·

55 1229 1057 1402 dissuasisset?,destituuntur
1074 1331 1110 1380 a

453 1370 463 1403 7

55 1406 186 1488 hebent,
216 1427 254 1471 ea
281 1406 339 1471 deo
367 1407 475 1491 potius
498 1406 670 1471 tribuenda
693 1412 776 1472 sunt·
792 1429 889 1491 quam
911 1412 1055 1472 naturae.

56 1493 133 1570 Quid
167 1493 351 1560 Chalcidico
378 1494 501 1579 Euripo
530 1495 565 1559 in
593 1499 685 1559 motu
713 1495 889 1559 identidem
919 1496 1056 1580 recipro-
1069 1501 1110 1565 10

29 1583 155 1647 scando
182 1586 281 1666 putas
307 1581 378 1646 lieri
400 1603 496 1667 posse
518 1583 743 1647 constantius?
773 1583 850 1665 quid
871 1582 956 1646 freto
982 1581 1058 1647 Sici-

58 1670 170 1736 liensi‘?
195 1669 273 1754 quid
295 1669 414 1735 Oceani
435 1670 563 1736 fervore
585 1670 654 1733 illis
676 1670 712 1733 in
733 1670 823 1753 locis,

94 1792 289 1878 Europam
301 1791 535 1877 Libyamque
553 1814 674 1878 rapax
691 1771 758 1857 ubi
776 1792 918 1857 dividit
936 1793 1058 1859 unda?

58 1933 159 2009 Quid?
182 1938 291 1999 aestus
314 1934 470 1998 maritimi
487 1933 540 2000 vel
557 1932 790 2018 Hispanienses
809 1934 861 2000 vel
877 1931 1058 2000 Britannici

59 2043 228 2105 eorumque
250 2023 346 2087 certis
369 2022 570 2107 temporibus
593 2022 646 2088 vel
670 2043 816 2087 accessus
838 2023 891 2088 vel
913 2044 1058 2088 recessus

28 2110 123 2175 asine
151 2111 211 2175 deo
233 2110 305 2174 fieri
326 2131 392 2176 non
413 2109 572 2195 possunt?
617 2107 713 2194 Vide,
740 2131 873 2196 quaeso,
902 2111 930 2176 si
953 2111 1058 2177 omnis

59 2203 163 2263 motus
182 2198 363 2282 omniaque,
382 2219 464 2281 quae
478 2197 575 2262 certis
589 2198 790 2283 temporibus
805 2199 950 2264 ordinem
965 2221 1058 2265 suum

59 2289 256 2369 conservant,
279 2285 387 2350 divina
404 2285 548 2369 dicimus,
570 2305 612 2350 ne
629 2286 787 2351 tertianas
806 2309 933 2372 quoque
950 2288 1058 2352 febres

60 2378 89 2437 ct
108 2377 285 2458 quartanas
304 2373 429 2438 diuinas
448 2394 517 2438 esse
537 2373 704 2439 dicendum
724 2375 776 2459 sit,
799 2397 935 2459 quarum
953 2395 1059 2439 rerer-

60 2461 144 2527 sione
167 2465 202 2526 et
224 2465 314 2528 motu
338 2461 415 2545 quid
436 2465 547 2547 potest
569 2483 639 2527 esse
657 2463 883 2527 constantius?
912 2459 975 2526 Sed
993 2483 1058 2526 om·

30 2550 143 2614 onium
174 2550 292 2614 talium
323 2570 431 2614 rerum
462 2549 548 2614 ratio
579 2549 741 2615 reddenda
772 2553 830 2614 est.
880 2547 973 2624 Quod
999 2571 1058 2615 vos
1077 2561 1111 2611 25

62 2658 127 2702 cum
148 2637 256 2702 fecere
277 2658 344 2702 non
363 2637 510 2722 potestis,
532 2641 701 2722 tamquam
718 2637 754 2702 in
772 2659 864 2702 aram
882 2636 1058 2724 confugitis

62 2726 96 2790 sd
117 2727 222 2791 deum.

118 2814 164 2880 Et
186 2813 388 2898 Chrysippus
416 2813 477 2878 tibi
505 2817 597 2879 acute
621 2814 725 2878 dicere
748 2812 931 2897 videbatur,
959 2813 1058 2881 homo

62 2902 123 2968 sine
146 2902 245 2968 dubio
267 2905 417 2968 versutus
440 2904 475 2967 et
497 2902 633 2969 callidus
656 2899 819 2989 (versutos
843 2921 898 2966 eos
919 2905 1058 2988 appello,

32 3000 193 3072 ⁸⁰quorum
216 2990 364 3056 celeriter
385 3011 476 3055 mens
499 2994 661 3072 versatur,
684 2989 819 3055 callidos
842 2994 959 3074 eutem,
983 3012 1058 3075 quo-

62 3097 139 3162 rum,
165 3083 335 3160 tamquam
357 3097 472 3142 manus
495 3099 605 3162 opere,
632 3074 679 3142 sic
702 3078 828 3143 animus
851 3101 913 3144 usu
935 3078 1059 3144 concal-

62 3163 145 3252 luit);
170 3166 201 3230 is
227 3166 342 3251 igitur:
372 3162 423 3228 ‘si
444 3164 567 3247 aliquid
589 3164 667 3248 est',
689 3165 808 3250 inquit,
836 3165 938 3250 ‘quod
959 3164 1058 3229 homo

63 3252 180 3319 efficere
203 3274 270 3319 non
290 3253 410 3339 possit,
433 3252 488 3336 qui
510 3252 543 3316 id
567 3251 681 3336 efficit,
703 3254 819 3318 melior
842 3258 892 3316 est
914 3251 1058 3336 homine;

63 3338 152 3406 homo
176 3343 285 3407 autem
307 3341 400 3425 haec,
428 3339 566 3424 quaein
588 3340 707 3406 mundo
731 3344 819 3422 sunt,
845 3338 970 3403 efficere
992 3360 1058 3404 non

35 3433 177 3514 ³5poteet3
205 3429 260 3514 qui
282 3429 390 3514 potuit
412 3429 527 3516 igitur,
548 3429 578 3494 is
600 3432 747 3513 praestat
769 3426 906 3508 hornini3
934 3424 1058 3490 homini

65 3521 165 3582 eutem
199 3522 366 3604 praestare
403 3518 475 3601 quis
507 3517 613 3602 possit
643 3515 707 3580 nisi
739 3513 839 3578 deus?
876 3515 925 3576 est
956 3511 1058 3597 igitur

810 3616 846 3666 81
