2458 3934
278 199 387 258 nnat
412 199 487 256 elP.
508 207 622 257 11-13.
644 206 660 267 a
680 205 792 256 re-aa.
971 199 1036 266 153

99 343 175 410 Tun
204 346 289 432 quis
319 365 396 411 non
423 345 521 411 artis
549 345 699 430 scripta
725 367 768 410 ac
795 347 1039 410 monumenta

88 518 204 586 ¹lloces
221 521 435 587 tristificas
454 521 607 588 chartis·
620 435 1039 608 promebvablbttiiusscis?

19 659 20 668 ,
95 605 218 675 Omnes
245 609 399 675 civilem
427 631 658 696 generosae
680 610 803 695 stirpe
825 610 1039 694 profectam

93 693 1041 782 Vitareingentemcladempestemquemonebant

18 867 19 872 ἵ
44 801 52 841 ⁵
93 780 155 850 Vel
176 786 305 872 legum
328 785 488 850 esitium
510 785 708 851 constanti
730 807 821 851 voce
842 785 1025 850 ferebant

93 870 240 967 Templa
280 873 465 958 deumque
501 872 799 974 adeovflammis
834 872 1043 956 urbemque

91 1046 244 1134 Eripere
280 1051 319 1115 et
350 1053 522 1138 stragem
553 960 1044 1148 horribileniuiiiiiirque

91 1223 210 1310 Atque
228 1226 323 1292 haec
339 1225 423 1292 fixa
442 1224 652 1312 gravilate
671 1246 712 1291 ao
729 1156 1043 1308 fundva‘braetriireri,

91 1309 133 1376 Ni
149 1315 258 1399 prius
273 1315 463 1380 excelsum
477 1314 522 1379 ad
537 1314 714 1379 columen
726 1312 894 1380 formata
907 1312 1045 1379 decore

34 1417 50 1457 1⁰
91 1396 226 1468 Sancta
238 1401 344 1468 Iovis
359 1402 507 1487 species
523 1402 650 1467 claros
664 1406 861 1487 spectaret
872 1402 912 1466 in
925 1404 1045 1466 ortus.

91 1486 175 1555 'lum
210 1490 295 1555 fore
329 1493 372 1555 ut
408 1491 581 1556 occultos
613 1491 778 1575 populus
811 1492 1046 1573 sanctusque

92 1661 249 1732 Cernere
272 1670 433 1732 conatus
456 1670 604 1751 posset,
628 1665 661 1730 si
684 1579 997 1730 solissaeilbiiuim

92 1749 281 1819 Conversa
310 1754 398 1820 inde
429 1758 582 1840 patrum
612 1752 720 1818 sedes
750 1751 962 1903 p⁰p¹iliqut⁰
992 1750 1046 1816 vi·

92 1926 188 1995 Haec
209 1930 368 1996 tardata
389 1929 452 1995 diu
471 1929 621 2015 species
639 1858 1046 2012 multumqueeiriorata
1064 1940 1098 1990 ar

34 2032 51 2072 1⁵
93 2014 254 2083 Consule
281 2022 319 2083 te
346 2018 498 2083 tandem
525 2018 629 2083 celsa
652 2016 772 2084 estin
794 2015 880 2082 sede
903 2015 1046 2100 locata,

93 2106 215 2192 Atque
237 2125 312 2172 una
333 2105 406 2171 fixi
428 2127 469 2172 ac
492 2105 640 2193 signati
662 2103 850 2189 temporis
872 2104 967 2169 hora

92 2190 266 2279 Iuppiter
288 2195 442 2260 excelsa
464 2195 641 2261 clarebat
664 2195 818 2278 sceptra
839 2193 1029 2276 columna,

93 2279 139 2346 Et
160 2281 289 2347 clades
311 2283 463 2367 patriae
484 2281 642 2347 flamma
662 2281 843 2365 ferroque
864 2284 1004 2366 parata

93 2367 259 2436 Vocibus
300 2370 558 2457 Allobrogum
602 2369 783 2456 patribus
828 2367 1048 2519 popupltoque

34 2559 51 2600 2⁰
94 2543 178 2612 Rite
205 2545 329 2633 igitur
350 2549 517 2630 veteres,
544 2566 704 2645 quorum
726 2459 972 2643 moiiiienta
994 2545 1047 2606 tes
1059 2541 1101 2609 13

96 2719 161 2798 Qui
182 2724 349 2808 populos
370 2722 556 2805 urbisque
578 2721 688 2786 modo
710 2739 753 2786 ac
775 2633 1051 2871 viriipetiisiege·
1076 2779 1078 2786 .

94 2897 179 2965 Rite
198 2897 315 2966 etiam
328 2898 464 2982 vestri,
483 2915 643 2982 quorum
656 2895 861 2980 pietasque
874 2809 1051 2979 iiiiiisque

94 2985 301 3054 Praestitit
324 2989 362 3051 et
383 2985 498 3072 longe
520 2983 617 3051 vicit
639 2983 835 3067 sapientia
857 2986 1029 3066 cunctos,

94 3075 302 3159 Praecipue
325 3074 478 3140 coluere
500 3071 652 3161 vigenti
673 3071 826 3138 numine
847 3071 967 3138 divos.

34 3173 52 3214 ²⁵
94 3165 194 3232 Haec
217 3162 310 3229 adeo
332 3163 487 3248 penitus
510 3181 600 3228 cura
621 3159 751 3226 videre
775 3159 920 3247 sagaci,

95 3253 181 3319 Otia
204 3251 269 3338 qui
292 3251 434 3317 studiis
457 3251 553 3316 laeti
575 3254 734 3314 tenuere
756 3246 919 3328 decoris,

92 3341 211 3430 Inque
234 3340 442 3408 Academia
468 3338 681 3404 umbrifera
701 3336 905 3433 nitidoque
925 3330 1049 3414 Lyceo
1068 3342 1104 3392 ss

94 3429 289 3496 Fuderunt
310 3429 439 3495 claras
461 3425 615 3491 fecundi
636 3423 808 3509 pectoris
831 3423 938 3486 artie.

95 3517 122 3584 E
140 3518 279 3604 quibus
298 3520 472 3602 ereptum
489 3513 612 3598 primo
630 3512 707 3576 ium
725 3510 858 3574 aflors
871 3507 1052 3572 iuventae
