2490 3950
318 157 385 214 ula.
404 159 424 214 1.
445 157 520 215 our.
540 167 654 217 ao-aa.
672 167 688 227 ς
707 167 819 218 ac-co.
1028 163 1071 226 23

68 304 206 367 mentem
228 302 340 368 venire
364 303 460 386 solet,
488 325 587 388 quare
609 327 722 371 verum
743 306 789 370 sit
811 305 946 392 aliquid,
974 328 1069 390 quam

68 411 162 472 quare
190 389 326 475 falsum,
358 390 455 476 idque
484 414 557 457 cum
584 414 693 478 saepe,
721 397 805 479 tum,
833 417 906 460 cum
928 399 962 459 te
985 395 1072 461 audi-

66 499 139 560 rem,
161 478 264 563 paulo
284 482 359 544 ante
378 479 524 564 contigit.
560 479 669 567 Reges
688 504 748 566 me,
772 483 901 567 qualem
919 486 1070 548 naturam

66 565 198 632 deorum
222 587 293 632 esso
316 566 445 651 ducam,
467 567 551 632 nihil
568 568 711 634 fortasse
728 571 954 656 respondeam3
977 593 1071 656 quae-

42 669 127 738 sras,
153 659 312 740 putemne
334 655 435 722 talem
459 677 541 741 esse,
564 658 670 740 qualis
694 658 789 723 modo
813 681 833 724 a
853 663 887 724 te
911 659 954 723 sit
977 681 1072 744 expo·

64 742 139 824 sita,
161 743 250 808 nihil
273 743 377 808 dicam
401 744 482 810 mihi
504 745 606 809 videri
629 746 745 811 minus.
790 744 852 811 Sed
875 751 949 813 ante
974 770 1071 832 quam

63 831 236 916 adgrediar
259 831 301 896 ad
323 854 370 916 ea,
394 839 475 916 quae
498 837 573 898 ate
597 833 764 919 disputata
781 839 866 918 sunt,
889 836 928 900 de
946 838 979 900 te
998 838 1070 920 ipso

63 919 166 984 dicam
201 919 279 1004 quid
309 920 457 986 sentiam.
508 920 610 1006 Saepe
642 924 727 987 enim
760 923 799 988 de
829 922 985 988 familiari
1011 925 1070 989 illo
1089 932 1123 982 58

64 1011 117 1072 tuo
136 1007 254 1074 videor
272 1009 410 1093 audisse,
432 1031 505 1074 cum
523 1013 557 1074 te
575 1011 700 1096 togatis
718 1011 868 1077 omnibus
885 1012 954 1076 sine
972 1011 1070 1077 dubio

31 1111 52 1150 ¹⁰
65 1096 244 1161 anteferret
266 1100 300 1161 et
322 1118 444 1181 paucos
466 1101 574 1164 tecum
591 1098 770 1183 Epicureos
793 1122 810 1164 e
829 1097 965 1164 Graecia
987 1121 1071 1165 com·

63 1189 208 1268 pararet,
236 1184 306 1268 sed,
334 1185 419 1270 quod
446 1185 488 1250 ab
515 1208 552 1252 eo
576 1189 610 1250 te
632 1186 765 1252 mirifice
789 1187 882 1273 diligi
904 1187 1071 1274 intellege·

63 1273 151 1356 bam,
182 1272 369 1338 arbitrabar
391 1273 485 1338 illum
506 1277 642 1358 propter
664 1275 917 1342 benivolentiam
938 1276 1070 1342 uberius

62 1360 93 1425 id
119 1361 239 1426 dicere.
283 1359 357 1447 Ego
384 1365 506 1446 autem,
538 1362 601 1426 atsi
628 1383 740 1428 vereor
767 1364 900 1429 laudare
922 1385 1071 1449 praesen-

63 1453 141 1533 tem,
171 1449 279 1515 iudico
306 1453 417 1514 tamen
443 1450 482 1514 de
510 1471 544 1514 re
567 1451 705 1516 obscura
728 1456 826 1536 atque
848 1451 973 1517 difficili
995 1475 1015 1518 a
1037 1456 1071 1517 te

33 1552 52 1590 1⁵
65 1537 186 1602 dictum
214 1557 286 1602 esse
309 1537 459 1621 dilucide,
485 1559 589 1622 neque
612 1540 782 1604 sententiis
805 1541 911 1606 solum
933 1540 1071 1625 copiose,

65 1627 118 1690 sed
140 1625 253 1691 verbis
277 1625 377 1690 ctiam
399 1625 554 1710 ornatius,
578 1649 675 1710 quam
699 1628 805 1692 solent
828 1628 937 1692 vestri.
973 1628 1071 1694 Zeno·
1090 1636 1124 1685 59

64 1736 149 1799 nem,
180 1735 276 1798 quem
303 1713 399 1778 Philo
425 1717 537 1780 noster
564 1715 782 1800 coryphaeum
809 1715 973 1799 appellare
995 1714 1072 1800 Epi-

66 1825 235 1868 cureorum
258 1802 399 1883 solebat,
421 1823 494 1868 cum
517 1802 655 1868 Athenis
679 1825 796 1887 essem,
819 1803 989 1868 audiebam
1011 1805 1072 1868 fre-

66 1893 215 1974 quenter,
248 1893 281 1954 et
307 1889 438 1975 quidem
464 1891 536 1976 ipso
565 1895 696 1957 auctore
723 1890 873 1976 Philone,
900 1892 1008 1977 credo,
1034 1895 1072 1957 ut

37 1979 193 2045 otacilius
216 1977 405 2063 iudicarem,
434 2001 532 2062 quam
553 1978 613 2044 illa
634 1980 716 2044 bene
739 1979 975 2066 refellerentur,
999 2003 1071 2047 cum

67 2090 84 2130 a
104 2066 253 2152 principe
275 2063 509 2151 Epicureorum
534 2068 737 2152 accepissem,
761 2090 856 2152 quem
880 2068 1071 2134 admodum

68 2156 257 2220 dicerentur.
286 2152 363 2219 Non
379 2155 482 2240 igitur
500 2155 566 2239 ille,
584 2158 621 2220 ut
639 2155 794 2240 plerique,
814 2156 870 2221 aed
888 2157 1072 2242 istomodo,

67 2247 101 2306 ut
126 2247 179 2328 tu,
210 2242 374 2327 distincte,
404 2242 561 2328 graviter,
591 2247 712 2308 ornate.
757 2241 820 2309 Sed
847 2244 933 2328 quod
956 2245 990 2310 in
1012 2246 1071 2310 illo

68 2332 145 2396 mihi
172 2353 235 2396 usu
262 2352 357 2416 saepe
384 2331 486 2414 venit,
513 2331 599 2396 idem
626 2332 736 2416 modo,
762 2354 835 2399 eum
862 2336 895 2397 te
918 2333 1072 2416 audirem,

38 2419 247 2503 ”accidebat
273 2422 312 2483 ut
333 2419 470 2485 moleste
492 2418 609 2484 ferrem
633 2423 762 2485 tantum
784 2420 950 2505 ingenium
971 2418 1073 2505 (bona

68 2509 161 2574 uenia
186 2529 240 2572 me
264 2505 387 2593 audies)
410 2507 537 2572 intem
559 2507 660 2592 leves,
687 2530 727 2572 ne
750 2509 855 2572 dicam
878 2507 912 2570 in
934 2510 1003 2571 tam
1026 2507 1072 2571 in·

70 2599 158 2748 appas
182 2595 361 2746 sentenltias
383 2594 541 2748 inplitdisse.
577 2593 838 2747 Necdegpfinunc
859 2594 938 2747 ipsp)
949 2595 1072 2748 aliqfuid
1090 2610 1125 2659 oo

71 2705 89 2747 a
121 2707 213 2750 eram
239 2705 291 2749 me
306 2705 364 2749 rus.
483 2705 568 2748 emm
595 2705 692 2748 moo
753 2706 786 2747 xi
827 2703 916 2747 cmm
939 2705 977 2747 us
1020 2705 1071 2748 ere

71 2771 102 2835 in
121 2772 230 2856 rebus,
254 2771 310 2836 sed
328 2771 467 2836 maxima
485 2771 689 2856 inphysicis,
713 2734 873 2855 quid'non
892 2769 944 2854 sit,
967 2771 1072 2857 citius,

40 2872 62 2912 ³⁰
73 2881 164 2942 quam
188 2859 265 2944 quid
284 2859 337 2942 sit,
360 2859 503 2924 dixerim.
534 2859 643 2945 Rogas
662 2880 722 2942 me,
746 2857 822 2943 quid
840 2862 897 2924 aut
915 2862 1010 2944 quale
1029 2861 1072 2925 sit
1083 2863 1124 2927 22

73 2948 154 3032 deus,
178 2951 310 3014 auctore
331 2951 407 3012 utar
425 2945 596 3031 Simonide,
619 2947 658 3012 de
681 2969 744 3031 quo
768 2969 841 3013 cum
860 2949 1072 3032 quaesivisset

73 3034 128 3104 hoc
150 3037 237 3102 idem
260 3039 416 3119 tyrannus
434 3035 545 3120 HierO,
569 3035 766 3100 deliberandi
789 3036 852 3100 sibi
869 3057 970 3102 unum
988 3037 1072 3101 diem

74 3125 260 3208 postulavit;
283 3123 454 3189 cumidem
469 3146 508 3188 ex
522 3145 559 3188 eo
573 3123 729 3208 postridie
744 3128 920 3209 quaereret,
938 3123 1071 3189 biduum

75 3214 197 3297 petiuit3
224 3235 298 3278 cum
325 3211 452 3296 saepius
481 3211 660 3298 duplicaret
680 3234 850 3278 numerum
873 3211 996 3275 dierum
1019 3211 1072 3274 ad-

46 3301 253 3386 ³⁵1uiransque
279 3299 379 3365 Hiero
407 3300 597 3384 requireret,
625 3322 681 3366 cur
707 3300 755 3365 ita
780 3301 914 3380 faceret,
947 3294 1072 3381 ‘Quia

78 3394 212 3470 quanto
241 3388 391 3466 diutius
415 3387 643 3470 considero',
668 3387 704 3452 in
726 3388 789 3470 uit,
821 3386 949 3450 ‘tanto
977 3384 1071 3448 mihi

78 3496 130 3540 rea
159 3477 315 3544 videtur
347 3475 574 3542 obscurior'.
623 3473 686 3539 Sed
705 3411 899 3538 qSimoniden
931 3471 1071 3536 arbitror
