2478 3936
298 192 365 246 ΜΒ.
384 193 418 248 11.
439 193 514 249 onP.
535 200 630 250 r-ro.
649 201 664 261 s
684 201 797 251 19—26.
1005 194 1049 258 55

63 334 250 421 iudicetur,
274 359 356 403 curn
378 356 421 402 ex
444 359 483 403 se
505 344 684 423 procreet
706 339 915 405 animantis
935 342 1050 423 atque

64 424 278 507 sapientisP'

115 509 173 576 Sed
195 514 351 597 quoniam
374 515 465 600 coepi
488 535 578 581 secus
601 537 707 602 agere,
730 520 828 599 atque
850 516 944 580 initio
966 515 1050 579 dixe
1069 481 1100 605 ἐξ

62 622 118 664 ram
143 597 314 687 (negaram
337 602 423 666 enim
445 603 528 668 hanc
550 603 690 688 primam
712 609 840 690 partem
863 625 957 689 egere
981 625 1050 668 ora·

42 688 144 772 ctione,
166 691 255 773 quod
277 694 363 756 esset
387 691 535 765 omnibus
558 693 763 777 perspicuum
786 693 862 757 deos
886 689 980 778 esse),
1003 695 1050 756 ta-

62 797 122 841 men
151 777 185 842 id
215 778 326 863 ipsum
357 779 538 844 rationibus
570 779 713 865 physicis
745 781 935 846 confirmare
965 779 1051 852 volo

60 862 101 928 Sic
119 865 201 930 enim
219 888 273 931 res
293 889 328 932 se
346 867 455 951 habet,
477 871 514 932 ut
532 869 649 952 omnia,
668 891 750 952 quae
768 869 899 934 alantur
917 872 950 932 et
969 888 1050 951 quae

60 957 196 1038 crescant,
220 954 411 1020 contineant
432 955 468 1020 in
490 977 524 1021 se
542 956 609 1022 vim
627 957 754 1040 caloris,
777 957 846 1020 sine
865 977 929 1039 qua
947 975 1051 1037 neque

60 1041 95 1103 eli
115 1046 250 1126 possent
271 1065 331 1108 nec
354 1063 503 1110 crescere.
549 1043 636 1110 Nam
659 1066 766 1127 omne,
794 1044 880 1128 quod
902 1047 953 1107 est
976 1041 1051 1106 cali·

32 1145 50 1183 1⁰
60 1127 122 1193 dum
142 1134 174 1194 et
196 1131 341 1217 igneum,
364 1131 466 1198 cietur
489 1135 523 1204 et
545 1133 655 1218 agitur
678 1136 769 1198 motu
793 1154 865 1216 su03
893 1130 979 1216 quod
997 1152 1051 1194 au-

59 1221 113 1281 tem
141 1220 244 1284 alitur
271 1224 304 1284 et
332 1220 459 1303 crescit,
491 1224 583 1286 motu
610 1221 750 1304 quodam
777 1221 880 1286 utitur
906 1222 995 1285 certo
1018 1222 1051 1282 et

59 1307 218 1391 aequabili3
254 1308 311 1392 qui
338 1330 435 1392 quam
463 1308 516 1373 diu
539 1313 685 1374 remanet
707 1310 742 1374 in
762 1309 872 1393 nobis,
903 1306 1051 1373 tamdiu

59 1415 154 1460 sensus
177 1399 212 1461 et
235 1396 306 1462 uita
328 1400 486 1481 remanct3
509 1396 701 1483 refrigerato
725 1401 834 1462 autem
857 1400 890 1461 et
909 1396 1050 1460 extincto

59 1483 149 1548 calore
177 1484 355 1550 occidimus
382 1484 446 1570 ipsi
473 1489 506 1550 et
533 1485 759 1572 extinguimur.
805 1485 898 1561 Quod
920 1484 1050 1569 quidem
1069 1499 1103 1548 2⁴

34 1567 218 1638 1⁵(lleanthes
239 1572 292 1636 his
310 1572 411 1638 etiam
429 1574 629 1659 argumentis
649 1574 750 1657 dccet,
769 1573 956 1658 quantavis
973 1572 1052 1636 insit

59 1659 160 1725 caloris
177 1661 215 1725 in
235 1661 325 1726 omni
343 1682 490 1747 corpore:
511 1665 611 1748 negat
630 1663 716 1726 enim
734 1683 804 1726 esse
823 1661 927 1724 ullum
945 1660 1052 1724 eibum

58 1749 114 1812 tarn
135 1770 281 1835 gravem,
304 1749 384 1833 quin
404 1749 434 1814 is
455 1754 550 1815 nocte
572 1754 607 1815 et
629 1749 680 1814 die
702 1752 935 1832 concoquatur3
962 1746 1052 1811 cuius

59 1835 142 1902 etiam
158 1838 196 1902 in
213 1838 362 1923 reliquiis
380 1837 466 1902 inest
484 1838 572 1903 calor
587 1839 637 1922 iis,
657 1859 738 1923 quas
752 1842 870 1902 natura
883 1833 1052 1920 respuerit.

59 1921 116 1990 lam
135 1949 214 1992 vero
239 1948 340 1992 venae
361 1929 395 1991 et
412 1927 551 1992 arteriae
569 1928 688 1992 micare
706 1949 772 1992 non
791 1925 941 1990 desinunt
959 1922 1053 2008 quasi

35 2013 185 2094 ²⁰quodam
203 2016 302 2102 igneo
321 2019 421 2098 motu,
444 2015 766 2099 animadversumque
785 2035 880 2099 saepe
899 2017 958 2096 est,
980 2033 1054 2076 cum

60 2121 103 2166 cor
127 2103 306 2168 animantis
330 2102 465 2168 alicuius
489 2104 636 2168 evolsum
657 2103 706 2169 ita
728 2103 893 2167 mobiliter
914 2099 1056 2187 pulpita.

61 2193 111 2272 ret,
135 2195 172 2256 ut
199 2191 386 2256 imitaretur
412 2191 542 2276 igneam
565 2191 773 2256 celeritatem.
819 2189 921 2255 Omne
942 2189 1054 2274 igitur,

62 2278 133 2358 quod
158 2279 253 2363 vivit,
285 2279 352 2345 sive
384 2279 505 2344 animal
533 2279 600 2344 sive
627 2282 716 2343 terra
743 2279 878 2361 editum,
909 2278 944 2341 id
971 2276 1054 2341 vivit

62 2370 179 2450 propter
210 2367 373 2432 inclusum
403 2366 439 2430 in
468 2388 505 2431 eo
538 2366 688 2432 calorem.
737 2367 787 2432 Ex
813 2388 877 2451 quo
904 2363 1054 2448 intellegi

37 2452 144 2519 ²ldebet
165 2477 241 2520 eam
263 2455 380 2520 caloris
402 2457 554 2519 naturam
576 2455 643 2520 vim
666 2454 786 2520 habere
809 2455 844 2518 in
867 2474 901 2517 se
920 2451 1054 2517 vitalem

63 2562 108 2622 per
132 2565 263 2609 omnem
289 2542 444 2608 mnndum
468 2543 692 2627 pertinentem.
739 2543 848 2625 Atque
870 2539 905 2603 id
925 2538 1054 2603 facilius
1073 2549 1106 2600 25

64 2647 215 2697 cernemus
238 2635 310 2697 toto
334 2652 450 2717 genere
472 2630 534 2696 hoo
556 2630 666 2716 igneo,
694 2629 780 2714 quod
801 2631 913 2692 tranat
935 2625 1054 2709 omnia,

65 2717 201 2784 subtilius
226 2718 395 2804 explicato.
436 2717 556 2783 Omnes
578 2719 680 2804 igitur
702 2721 814 2803 partes
836 2715 948 2780 mundi
971 2713 1055 2800 (tan-

66 2824 128 2887 gam
149 2811 259 2873 autem
281 2804 454 2892 maximas)
473 2807 580 2871 calore
597 2806 700 2870 fultae
719 2805 929 2870 sustinentur.
963 2801 1056 2879 Quod

38 2892 191 2972 aprinum
220 2895 256 2960 in
284 2898 413 2959 terrena
439 2898 557 2960 natura
583 2893 724 2980 perspici
750 2896 868 2979 potest.
913 2891 999 2958 Nam
1022 2895 1055 2956 et

66 2977 196 3064 lapidum
223 2983 374 3048 conflictu
401 2986 499 3067 atque
521 2982 604 3047 tritu
627 2982 699 3048 elici
720 2982 831 3068 ignem
853 2981 998 3047 videmus
1022 2982 1055 3044 et

66 3072 172 3136 recenti
193 3071 337 3137 fossione
359 3075 482 3136 terram
504 3069 629 3136 fumare
648 3071 816 3154 calentem,
839 3073 937 3154 atque
956 3069 1055 3133 etiarn

68 3174 98 3218 εἰ
117 3160 219 3242 puteis
241 3160 373 3246 iugibus
396 3181 514 3243 aquam
537 3159 675 3224 calidam
693 3159 791 3243 trahi,
814 3162 847 3223 et
865 3158 899 3222 id
916 3155 1055 3220 maxime

67 3241 125 3309 fieri
145 3248 346 3334 temporibus
367 3247 526 3331 hibernis,
554 3248 640 3332 quod
662 3269 782 3334 magna
804 3245 853 3309 vis
876 3247 983 3307 terrae
1006 3262 1056 3304 ea·

45 3335 160 3399 curnis
182 3336 385 3402 contineatur
408 3335 526 3402 caloris
549 3358 650 3419 eaque
672 3336 777 3400 hieme
802 3333 845 3396 sit
866 3330 995 3394 densior
1013 3327 1056 3391 ob
1106 3391 1109 3396 .

71 3438 187 3507 eamque
213 3446 345 3489 causam
374 3424 515 3490 calorem
543 3424 679 3489 insitum
707 3423 742 3486 in
771 3419 868 3484 terris
892 3416 1056 3482 contineat

72 3509 164 3576 trtius.
207 3512 322 3599 Longa
349 3515 400 3577 est
423 3513 528 3576 oratio
551 3513 735 3593 multaeque
757 3507 914 3586 rationes,
939 3502 1055 3586 quibus
1074 3539 1108 3586 26
1197 3521 1216 3616 ι
