2452 3938
167 186 234 255 246
516 183 565 240 DE
584 183 824 246 DIVINATIONE

116 336 157 400 67
168 329 321 396 Omnium
344 328 552 412 somniorum,
575 327 702 412 Quinte,
724 349 789 396 una
811 327 895 396 ratio
917 330 981 410 est3
1002 347 1097 410 quae,
1117 349 1173 411 per

169 419 246 484 deos
273 417 471 486 nmostnist
497 415 663 484 videamus
687 437 730 484 ue
751 419 867 484 nostra
890 415 1122 498 superstitione
1143 419 1173 478 et

118 523 167 573 ιιι
183 504 413 594 depravatione
432 508 609 590 superetur.
642 502 750 581 Quem·
762 504 849 572 enim
865 507 903 569 tu
916 502 1057 572 Marium
1069 502 1174 570 visum
1216 492 1217 568 ι

169 615 189 659 a
216 615 268 660 me
295 593 415 679 putas?
452 590 612 678 Speciem,
638 592 747 676 credo,
774 592 844 660 uus
866 595 899 656 et
921 591 1115 676 imaginem,
1140 595 1174 656 ιιι

167 681 356 748 Democrito
374 680 510 748 videtur.
541 679 635 749 Unde
652 679 833 765 profectam
850 678 1050 766 imaginem?
1073 701 1094 748 e
1112 701 1175 748 cor·
1196 699 1205 737 ι

161 769 303 854 -poribus
335 769 422 838 enim
452 768 565 838 solidis
598 772 631 836 ct
662 789 683 834 a
713 768 812 835 certis
837 767 952 854 figuris
978 767 1052 836 vult
1080 767 1175 836 fluere

168 858 343 943 imaginem
366 857 453 942 quod
474 856 577 942 igitur
599 855 695 924 Marii
718 876 834 941 corpus
858 855 949 924 orati
985 853 1039 924 Ex
1062 877 1112 938 ec,
1134 857 1175 920 in

170 945 254 1031 quit,
286 945 372 1030 quod
402 946 519 1014 fuerat.
563 943 634 1009 Ista
664 943 766 1029 igitur
797 965 849 1012 me
879 943 990 1029 imago
1017 941 1119 1012 Marii
1144 945 1175 1008 in
1217 1007 1218 1012 ,

169 1056 320 1118 campum
333 1033 502 1102 Atinatem
515 1031 791 1119 persequebatur?
804 1030 959 1098 ——Plena
973 1034 1053 1098 sunt
1066 1031 1175 1117 imagi·

168 1143 247 1189 num
275 1122 398 1204 omnia;
428 1122 520 1189 nulla
547 1121 633 1190 enim
659 1119 783 1205 speeies
810 1117 950 1205 cogitari
976 1123 1093 1204 potest
1118 1119 1204 1187 nisio

118 1225 168 1276 138
183 1210 280 1295 pulsu
296 1208 485 1295 imaginum.
500 1245 541 1259 --
557 1206 641 1282 Quid
659 1208 760 1294 crgo?
777 1207 862 1275 istae
878 1207 1039 1292 imagines
1060 1208 1110 1274 ita
1126 1229 1176 1272 no·

169 1296 220 1361 bis
245 1297 329 1361 dicto
354 1296 520 1361 audientes
543 1299 628 1380 sunt,
651 1298 697 1380 ut,
721 1295 816 1360 simul
841 1299 938 1380 atque
956 1295 1110 1380 velimus,
1132 1317 1176 1360 ac

169 1385 323 1452 eumont?
356 1383 497 1451 etiamne
527 1405 639 1450 earum
670 1405 793 1468 rerum,
825 1405 907 1467 quoe
938 1383 1053 1450 nullae
1083 1382 1176 1450 sunt?
1218 1399 1219 1410 ¹

170 1493 252 1558 quae
275 1475 326 1538 est
348 1471 434 1540 enim
455 1471 562 1538 forma
579 1476 649 1537 tam
667 1471 845 1553 invisitata,
866 1475 937 1538 tam
954 1471 1059 1556 nulla,
1084 1493 1176 1557 quam

168 1581 236 1628 non
262 1559 325 1628 sibi
351 1559 422 1648 ipse
448 1560 570 1646 fingere
598 1559 724 1626 animus
747 1559 875 1644 possit?
902 1563 954 1643 ut,
981 1581 1068 1646 quae
1092 1575 1205 1625 num-1⁵

118 1647 1175 1822 1ιιιιιιιιιιιιιιιιιιιιιιιιιιιιιιιιι

402 1787 413 1820 r
745 1785 752 1800 ·
996 1785 1006 1818 r

168 1847 279 1893 muros
306 1822 484 1908 Babylonis
517 1828 574 1890 aut
604 1823 740 1892 Homeri
765 1823 882 1890 faciem
909 1823 1036 1910 cogito,
1070 1825 1174 1910 imago

161 1913 302 1982 ¹illorum
328 1934 380 1978 me
408 1913 518 1996 aliqua
544 1911 660 1997 pellit?
697 1910 815 1978 Omnia
839 1911 954 1996 igitur,
982 1933 1070 1996 quae
1093 1914 1175 1978 volu·

169 2023 252 2084 mus,
272 2003 353 2066 nota
373 1999 469 2067 nobis
491 2021 561 2066 esse
583 2001 734 2085 possunt3
754 1999 839 2066 nihil
861 2002 912 2066 est
934 1999 1033 2085 enim,
1056 2000 1098 2066 de
1117 2016 1205 2086 quoa

169 2089 315 2174 cogitare
341 2109 553 2172 nequeamua3
583 2088 693 2154 nullae
720 2108 798 2173 ergo
825 2087 986 2173 imagines
1014 2089 1175 2173 obrepunt
1220 2085 1221 2166 f

168 2176 203 2240 in
222 2175 348 2242 animos
366 2175 595 2243 dormientium
613 2175 821 2259 extrinsecus,
842 2197 902 2242 nec
919 2175 1056 2243 omnino
1075 2176 1175 2242 fluunt

168 2263 266 2348 ullae,
286 2283 346 2330 neo
368 2264 507 2350 cognovi
531 2284 733 2348 quemquam,
756 2264 812 2348 qui
834 2264 959 2330 maiore
980 2265 1175 2330 auctoritaie
1214 2263 1217 2270 '

168 2351 252 2418 nihil
275 2351 403 2418 diceret.
438 2351 631 2416 Animorum
655 2355 705 2418 est
727 2374 766 2418 ea
787 2353 839 2417 vis
861 2373 963 2436 eaque
985 2356 1118 2437 natura,
1142 2355 1175 2416 nt

167 2441 302 2526 vigeant
319 2439 494 2526 vigilantes
511 2439 603 2504 nullo
622 2439 802 2506 adventicio
816 2441 920 2525 pulsu,
939 2439 1072 2507 aedano
1087 2443 1204 2506 motus

167 2528 350 2596 incredibili
363 2527 503 2612 quadam
516 2527 689 2594 celeritate.
716 2527 762 2592 Hi
774 2549 848 2593 oum
861 2528 1068 2595 sustinentur
1082 2550 1175 2594 mem·

168 2616 237 2682 bris
256 2619 289 2682 et
307 2637 440 2701 corporo
458 2619 492 2682 et
510 2615 666 2699 sensibus,
685 2615 795 2682 omnia
811 2616 950 2682 certaria
963 2621 1110 2701 cernunt,
1129 2638 1174 2682 cc

169 2705 286 2790 gitant,
304 2703 457 2771 sentiunt.
489 2702 571 2768 Oum
585 2708 694 2770 auten
707 2703 787 2769 haec
801 2704 969 2770 subtracta
982 2709 1061 2770 sunt
1075 2706 1174 2772 deser

168 2795 284 2875 iusque
312 2791 440 2858 animus
466 2792 622 2877 languore
650 2791 808 2876 corporis,
834 2796 905 2856 tum
932 2793 1082 2878 agitatur
1108 2794 1174 2878 ipsc

168 2899 227 2963 per
247 2901 326 2944 sese.
361 2878 477 2962 Itaque
495 2879 530 2944 in
547 2901 585 2944 eo
604 2884 637 2944 et
651 2877 776 2945 formae
789 2884 961 2946 versantur
975 2883 1007 2945 et
1023 2881 1173 2960 actiones,
1184 2892 1205 2934 ω

116 2978 168 3029 140
182 2969 216 3030 et
238 2966 343 3032 multa
361 2967 475 3050 audiri,
497 2967 601 3034 multa
621 2966 685 3034 dici
703 2968 860 3034 videntur.
892 2967 982 3034 Haec
1000 2969 1127 3035 scilicet
1143 2968 1174 3032 in

168 3053 320 3120 inbecillo
344 3054 542 3138 remissoque
561 3056 669 3120 animo
688 3057 793 3122 multa
811 3056 961 3122 omnibus
979 3056 1086 3122 modis
1105 3077 1173 3122 con·

144 3142 242 3212 .fusa
264 3144 297 3206 et
316 3140 444 3208 variata
460 3147 642 3227 versantur,
663 3165 875 3228 maxumeque
892 3145 1048 3229 reliquiae
1066 3164 1172 3210 rernm

167 3251 278 3296 earum
300 3233 471 3296 moventur
492 3231 528 3296 in
550 3231 667 3296 animis
687 3236 720 3297 et
738 3233 914 3318 agitantur,
937 3233 1113 3317 dequibus
1131 3231 1172 3296 vi-

167 3317 308 3402 gilantes
332 3322 389 3383 ant
412 3317 627 3403 cogitavimus
651 3323 708 3384 aut
731 3321 865 3406 egimus,
887 3325 926 3386 ut
947 3321 1028 3386 mihi
1050 3325 1204 3405 sempev

166 3404 259 3470 ribus
280 3405 349 3470 illis
371 3406 510 3472 multum
531 3405 567 3468 in
590 3407 697 3473 animo
715 3407 838 3474 Marius
861 3410 1054 3476 versabatur
1069 3427 1171 3473 recor

169 3491 272 3578 danti,
303 3515 412 3578 quam·
425 3493 483 3558 ille
506 3512 640 3580 gravem
662 3516 758 3561 suum
780 3518 892 3563 casum
913 3518 1033 3584 magno
1055 3497 1171 3578 enimc,
