2490 3950
308 189 375 246 mn.
394 191 415 246 1.
435 190 510 247 cAP.
531 197 643 246 re-rs.
662 196 678 258 s
697 198 810 248 se-ee.
1020 191 1061 254 17

10 331 11 346 *
62 337 173 418 autem,
191 333 250 418 qui
263 332 426 399 Zenonem
440 335 563 400 audivit
576 357 642 400 una
655 357 728 401 cum
742 356 789 419 eo,
807 355 903 419 quem
916 333 1062 418 proxime

62 422 233 506 nominavi,
259 425 332 487 tum
353 422 460 507 ipsum
483 422 638 488 muudum
661 422 756 489 deum
779 423 857 488 dicit
879 443 965 506 esse,
991 425 1063 487 tum

62 510 156 574 totius
177 514 318 576 naturae
341 510 444 576 menti
466 515 562 595 etque
585 511 694 577 animo
716 511 833 577 tribuit
854 509 917 576 hcc
933 531 1062 594 nomeu,

61 601 124 663 tum
154 599 311 664 ultimum
342 601 377 662 et
405 597 601 664 altissimum
633 603 731 683 etque
761 599 902 683 undique
931 598 1063 664 circum-

39 685 162 752 eiusum
181 690 216 752 et
235 689 415 752 extremum
434 687 543 754 omnis
560 688 743 772 cingentem
759 691 857 772 atque
871 688 1063 771 conplexum

60 774 217 859 ardorem,
254 774 310 858 qui
341 775 455 840 aether
484 775 681 860 nominetur,
717 775 936 842 certissimum
967 774 1063 840 deum

58 862 190 946 iudicat3
225 862 375 946 idemque
406 863 499 946 quasi
530 863 672 928 delirans
703 863 738 929 in
768 864 809 928 iis
836 863 944 945 libris,
980 883 1062 946 quos

59 950 187 1036 scripsit
210 953 326 1016 contra
347 950 564 1035 voluptatem,
591 956 663 1017 tum
683 952 781 1037 fingit
801 951 942 1017 formam
965 971 1063 1033 quan-

59 1038 127 1104 dem
140 1042 179 1104 et
191 1039 333 1124 speciem
347 1038 488 1124 deorum,
501 1043 572 1105 tum
585 1039 790 1106 divinitatem
804 1059 933 1105 omnem
945 1037 1063 1102 tribuit

28 1143 48 1182 1⁰
59 1127 164 1212 astris,
186 1130 259 1192 tum
280 1126 363 1192 nihil
386 1127 511 1193 ratione
533 1131 643 1194 censet
661 1150 731 1194 esse
750 1127 899 1192 divinius.
941 1124 994 1190 Ite
1015 1125 1063 1208 fit,

58 1217 91 1280 ut
118 1215 201 1281 deus
230 1214 302 1299 ille,
331 1235 426 1300 quem
456 1219 563 1282 mente
591 1217 754 1282 noscimus
785 1219 883 1300 etque
904 1213 940 1280 in
962 1213 1064 1280 animi

57 1305 189 1370 notione
213 1307 382 1388 tamquam
404 1303 439 1369 in
460 1304 599 1390 vestigio
621 1305 772 1370 volumus
794 1323 963 1389 reponere,
988 1323 1116 1415 nus·15

59 1392 747 1548 turstenus?itinn?
760 1391 1063 1566 iiiitziffl
1081 1428 1116 1478 ³⁸

10 1530 198 1634 ,riutilitas'
215 1568 256 1632 ad
282 1568 370 1634 vitae
396 1569 518 1636 cultum
543 1572 630 1636 esset
653 1532 801 1653 inveirta,
831 1569 984 1652 ipsasque
1011 1587 1063 1632 res

60 1659 151 1724 utiles
177 1660 211 1722 et
233 1657 391 1722 salutares
413 1655 546 1724 deorum
569 1679 639 1723 esse
660 1657 829 1723 vocabulis
849 1658 1064 1737 nuncupatas,

60 1748 93 1810 ut
118 1767 163 1812 ne
191 1745 255 1810 hoc
283 1745 413 1828 quidem
434 1744 566 1830 diceret,
591 1745 651 1811 illa
672 1745 807 1810 inventa
829 1763 898 1808 esse
921 1743 1063 1824 deorum,

61 1833 112 1898 sed
137 1835 214 1918 ipsa
241 1831 359 1898 divina.
403 1830 473 1908 Quo
502 1833 579 1918 quid
600 1832 785 1916 absurdius,
813 1852 910 1916 quam
934 1832 1063 1898 autres

61 1921 205 1986 sordidos
234 1923 332 2005 atque
360 1919 513 1988 deformis
541 1921 673 1988 deorum
698 1919 821 1987 honore
850 1919 984 1986 adficere
1007 1921 1064 1982 aut

32 2009 205 2076 ”homines
228 2008 295 2074 iam
318 2012 422 2076 morte
444 2008 567 2076 deletos
591 2029 745 2093 reponere
763 2010 799 2074 in
816 2007 902 2092 deos,
926 2028 1064 2092 quorum

62 2099 164 2164 omnis
186 2097 292 2162 cultus
315 2100 402 2162 esset
421 2096 549 2164 futurus
571 2097 606 2162 in
627 2096 737 2163 luctu?
777 2093 849 2162 Iem
867 2116 944 2161 vero
963 2093 1063 2178 Chry·
1081 2105 1116 2156 ss

62 2185 182 2270 cippus,
204 2185 262 2269 qui
280 2183 462 2250 Stoicorum
484 2186 684 2252 somniorum
705 2184 908 2251 resonemus
925 2183 1064 2248 habetur

11 2325 12 2350 ,
63 2274 233 2358 interpres,
259 2293 412 2358 maguam
433 2273 563 2339 turbam
586 2276 762 2358 congreget
782 2273 968 2358 ignotorum
989 2270 1064 2336 deo·

63 2382 143 2446 mm,
171 2365 270 2445 atque
291 2362 339 2426 ita
360 2361 559 2446 ignotorum,
588 2366 626 2426 ut
647 2382 702 2427 eos
723 2383 765 2426 ne
788 2361 973 2426 coniectvua
995 2359 1064 2442 qui·

11 2449 133 2514 ÷²⁵dem
163 2449 339 2514 informare
369 2450 546 2533 possimus,
576 2471 650 2514 enm
676 2469 768 2514 mens
794 2451 909 2514 nostru
935 2445 1064 2530 quidvis

11 2519 12 2552 ¹
64 2538 206 2602 videatur
236 2537 431 2622 cogitatione
462 2559 557 2622 posse
588 2537 777 2623 depingere3
809 2537 856 2600 eit
884 2535 971 2599 enim
997 2534 1065 2598 vim

65 2625 203 2692 divinam
219 2626 395 2690 iuratione
409 2647 479 2691 esse
491 2625 633 2711 positam
647 2625 727 2690 etin
744 2623 914 2689 universae
926 2624 1064 2686 naturae

66 2713 170 2779 enimc
202 2716 300 2797 atque
330 2717 451 2797 mente,
481 2713 650 2800 ipsumque
681 2712 836 2778 mundum
864 2709 959 2774 deum
985 2710 1066 2775 dicit

66 2822 130 2868 esse
167 2805 202 2867 et
238 2803 306 2867 eius
338 2801 437 2866 animi
467 2802 628 2868 fusionem
659 2801 858 2884 universam,
892 2801 963 2864 tum
995 2798 1064 2864 eius

34 2889 163 2973 *ipsius
186 2889 419 2973 principatum,
444 2890 499 2974 qui
520 2889 557 2956 in
577 2893 686 2956 mente
708 2892 742 2954 et
763 2889 889 2969 ratione
911 2891 1065 2970 versetur,

67 2998 329 3062 communemque
346 2999 453 3044 rerum
466 2981 619 3044 naturam
631 2977 940 3061 universitatemque
955 2977 1066 3041 omnia

68 3067 293 3150 continentem,
314 3069 385 3132 tum
406 3065 541 3131 fatalem
563 3067 631 3131 vim
653 3069 687 3130 et
707 3065 935 3132 necessitatem
957 3086 1064 3128 rerum

68 3152 257 3237 futurarum,
281 3155 392 3240 ignem
414 3157 583 3240 praeterea
604 3157 638 3219 et
660 3175 746 3238 eum,
773 3176 869 3239 quem
892 3157 967 3218 aute
990 3151 1064 3232 dixi,

70 3242 207 3324 aethera,
233 3245 306 3306 tum
332 3263 384 3325 ea,
414 3263 497 3327 quse
522 3246 640 3308 natura
668 3243 805 3308 fluerent
830 3246 928 3323 atque
955 3259 1064 3301 mena

38 3335 146 3412 erent,
173 3335 211 3395 ut
233 3332 267 3395 et
289 3352 408 3415 aquam
431 3334 465 3396 et
486 3333 609 3396 terrem
631 3334 665 3396 et
686 3336 775 3414 a‘e'ra,
802 3329 917 3410 solem,
943 3325 1064 3406 lunam,

72 3417 166 3484 sidera
187 3419 497 3504 universitatemque
519 3441 634 3503 rerum,
657 3418 848 3502 quaomnia
866 3411 1065 3479 contineren-

72 3507 129 3590 tur,
162 3511 261 3591 atque
293 3507 391 3572 etiem
421 3507 569 3573 homines
601 3528 671 3590 eos,
707 3505 763 3588 qui
794 3498 1064 3566 inmortalitatem

117 3617 168 3662 010.
181 3621 252 3661 lm
837 3608 853 3654 2
