2478 3936
158 179 221 245 102
477 177 527 232 DE
544 178 700 234 NATURA
717 177 874 234 DEORUM

155 347 233 392 nere
254 325 366 390 finitus
390 326 442 388 est
464 322 545 408 dies,
567 322 702 407 mensis,
725 345 842 408 annus,
866 323 1063 390 defectiones
1088 327 1169 392 solis

157 418 191 480 et
221 414 317 478 lunae
349 411 499 498 cognitae
530 411 778 498 praedictaeque
808 412 844 476 in
875 434 971 478 omne
998 418 1171 500 posterum

156 506 300 587 tempus,
332 521 427 588 quae,
460 503 614 585 quantae,
640 499 768 584 quando
795 499 925 566 futurae
952 501 1028 566 sint.
1079 501 1171 578 Quae

157 593 313 658 contuens
345 588 473 654 animus
501 587 624 654 accedit
652 588 693 653 ad
719 588 941 674 cognitionem
969 589 1119 674 deorum,
1151 613 1170 656 e

158 701 223 765 qua
245 677 350 742 oritur
372 677 492 762 pietas,
520 677 571 742 cui
593 675 765 742 coniuncta
786 677 913 742 iustitia
936 682 988 743 est
1010 679 1170 763 reliquae·
1198 699 1232 740 ⁵1

158 789 221 852 que
242 766 389 849 virtutes,
412 787 430 830 e
453 764 570 850 quibua
588 764 658 830 vita
675 765 773 830 beata
790 766 902 830 existit
917 788 979 852 par
997 770 1032 832 et
1050 768 1170 833 similis
1231 781 1232 846 Q

158 856 303 939 deorum,
333 853 426 920 nulla
454 852 581 918 aliare
607 853 672 918 nisi
698 852 950 939 inmortalitate,
978 876 1063 938 quac
1087 857 1171 920 nihil
1231 863 1232 900 ³

158 944 200 1011 ad
221 944 303 1008 bene
326 941 499 1008 vivendum
521 942 676 1028 pertinet,
703 942 819 1007 cedens
842 943 1048 1008 caelestibus.
1096 943 1171 1020 Qui·
1231 959 1232 1034 ᾗ

156 1033 218 1098 bus
241 1032 338 1098 rebus
361 1030 517 1117 expositis
540 1029 621 1095 satis
645 1029 791 1096 docuisse
809 1031 929 1114 videor,
951 1031 1095 1096 hominis
1115 1055 1171 1098 na·
1231 1039 1232 1110 ξ

157 1124 233 1190 tura
255 1123 377 1205 quanto
400 1118 505 1184 omnis
529 1119 668 1184 anteiret
691 1117 881 1184 animantes.
917 1117 1051 1204 Exque
1072 1121 1207 1186 debetur
1231 1125 1232 1186 ἓ

157 1208 307 1294 intellegi
336 1229 396 1273 nec
426 1207 566 1293 figuram
598 1207 760 1290 situmque
787 1207 1007 1274 membrorum
1034 1230 1095 1274 nec
1121 1211 1169 1273 in·
1231 1239 1232 1244 ¹

159 1296 247 1383 genii
281 1295 464 1378 mentisque
499 1294 567 1360 rim
597 1295 699 1360 talem
731 1295 816 1362 effici
847 1296 994 1382 potuisse
1025 1296 1168 1363 fortuna.
1231 1327 1232 1362 1

107 1405 158 1457 154
171 1384 301 1467 Restat,
327 1387 365 1448 ut
393 1381 525 1449 doceam
552 1387 650 1468 atque
678 1383 850 1467 aliquando
875 1405 1025 1469 perorem
1048 1387 1168 1470 omnia,

159 1493 241 1557 quae
264 1470 332 1536 sint
353 1470 389 1535 in
410 1471 472 1536 hoc
490 1471 619 1556 mundo,
642 1472 759 1556 quibus
777 1476 912 1538 utantur
929 1473 1088 1560 homines,
1111 1475 1168 1540 ho·
1231 1483 1232 1560 l

158 1560 282 1630 minum
305 1580 402 1626 causa
423 1559 512 1624 facta
535 1581 605 1624 esse
628 1563 661 1625 et
683 1564 807 1646 parata.
1075 1561 1080 1566 '
1181 1579 1232 1644 ιω

105 1657 150 1724 62
224 1647 387 1735 Principio
409 1647 479 1734 ipse
502 1648 640 1714 mundus
663 1648 797 1714 deorum
818 1650 1050 1734 hominumque
1070 1674 1170 1717 causa
1231 1649 1232 1730 l

157 1737 264 1804 factus
287 1740 347 1822 est,
371 1757 516 1821 quaeque
537 1735 573 1802 in
595 1758 633 1802 eo
656 1739 741 1819 sunt,
764 1740 942 1824 caperata
965 1739 1007 1804 ad
1024 1739 1168 1805 fructum
1231 1737 1232 1800 l

157 1825 326 1892 hominum
353 1827 386 1889 et
415 1824 548 1890 inventa
574 1828 659 1890 sunt.
704 1823 766 1890 Est
793 1827 880 1890 enim
906 1828 1044 1892 muudus
1074 1829 1168 1912 quasi

157 1912 336 1982 communis
369 1912 503 1977 deorum
535 1915 632 1997 atque
663 1913 833 1979 hominum
861 1914 974 1980 domus
1003 1919 1061 1981 aut
1089 1919 1167 1982 urbs
1231 1931 1232 1982 l

157 2005 376 2085 utrorumque.
422 1997 491 2065 Soli
518 2001 603 2066 enim
629 2001 757 2067 ratione
782 2005 912 2068 utentes
939 2003 1009 2068 iure
1032 2025 1071 2069 ac
1095 2006 1167 2091 lege
1181 2023 1205 2062 2⁰

156 2089 280 2156 vivunt.
325 2086 371 2152 Ut
400 2088 502 2173 igitur
528 2089 677 2154 Athenas
706 2093 738 2154 et
767 2089 1042 2156 Lacedaemonem
1065 2093 1167 2158 Athe
1231 2099 1232 2176 3

157 2175 318 2242 niensium
348 2175 738 2262 Lacedaemoniorumque
774 2200 872 2244 causa
901 2180 1084 2266 putandum
1117 2184 1167 2246 est
1231 2225 1232 2256 r

158 2264 305 2335 conditas
318 2284 419 2349 -esse,
452 2265 636 2350 omniaque,
668 2287 751 2351 quae
782 2266 849 2332 sint
879 2267 915 2331 in
941 2267 992 2332 his
1020 2268 1167 2354 urbibus,
1231 2263 1232 2352 l

158 2374 270 2420 eorum
296 2354 493 2439 populorum
515 2357 602 2418 recte
625 2375 697 2419 esse
719 2353 881 2439 dicuntur,
909 2355 968 2440 sic,
996 2378 1167 2441 quaecum·
1231 2363 1232 2438 l

157 2463 220 2526 que
251 2444 328 2507 sunt
358 2441 394 2506 in
424 2441 514 2506 omni
544 2442 679 2526 mundo,
711 2440 844 2509 deorum
871 2445 968 2528 atque
995 2444 1166 2513 hominum
1179 2459 1203 2503 ²⁵
1231 2465 1232 2542 l

105 2530 315 2615 imputanda
346 2531 430 2596 sunt.
475 2529 545 2594 Iarn
576 2551 654 2596 vero
687 2529 872 2596 circumitus
901 2531 980 2596 solis
1007 2537 1041 2596 et
1070 2535 1166 2600 lunae
1231 2549 1232 2602 l

155 2617 418 2702 reliquorumque
448 2618 602 2702 siderum,
632 2640 829 2704 quamquam
859 2619 959 2685 etiam
989 2620 1029 2685 ad
1053 2623 1166 2688 mundi
1231 2619 1232 2638 ¹

157 2705 396 2772 cohaerentiam
413 2705 586 2792 pertinent,
608 2708 720 2771 tamen
733 2710 771 2772 et
789 2709 1009 2793 spectaculum
1027 2707 1167 2776 homini·

156 2793 218 2859 bus
251 2794 423 2881 praebent3
458 2794 550 2859 nulla
581 2797 631 2860 est
663 2795 748 2860 enim
780 2795 1000 2861 insatiabilior
1031 2800 1165 2884 species,
1231 2823 1232 2880 ᾗ

155 2881 248 2946 nulla
265 2881 432 2967 pulchrior
450 2884 484 2947 et
502 2883 544 2948 ad
560 2882 720 2948 rationem
738 2883 983 2968 sollertiamque
996 2891 1165 2971 praestan·
1178 2905 1203 2946 eo

156 2967 236 3052 tior,
258 2989 371 3035 eorum
393 2968 478 3035 enim
502 2991 614 3037 cursus
638 2971 786 3036 dimetati
809 2973 1016 3038 maturitates
1039 2978 1166 3062 tempo·
1231 2971 1232 3008 ³

156 3077 229 3120 rum
252 3059 285 3120 et
306 3055 482 3122 varietates
505 3059 766 3145 mutationesque
786 3061 1010 3148 cognovimus,
1034 3063 1167 3147 quaesi
1231 3093 1232 3100 ¹

156 3142 342 3209 hominibus
365 3143 444 3210 solis
467 3149 546 3211 nota
569 3151 653 3231 sunt,
675 3147 843 3214 hominum
866 3149 954 3215 facta
977 3171 1048 3215 esse
1066 3175 1167 3220 causa
1231 3181 1232 3184 ¹

105 3249 156 3301 156
169 3231 375 3298 iudicandum
405 3234 464 3298 est.
508 3232 609 3300 Terra
637 3257 715 3302 vero
744 3237 812 3302 feta
837 3236 988 3324 frugibus
1016 3243 1050 3304 et
1072 3243 1165 3307 vario

157 3320 357 3406 leguminum
380 3341 514 3407 genere,-
539 3343 621 3406 quae
644 3346 716 3390 cum
739 3347 891 3392 maxuma
914 3326 1071 3413 largitate
1094 3329 1202 3395 fun-⁸⁵

157 3407 213 3492 dit,
236 3429 274 3474 ea
291 3407 474 3474 ferarumne
498 3431 540 3474 an
557 3409 725 3478 hominum
744 3435 841 3480 cauea
859 3414 993 3501 gignere
1011 3415 1165 3484 videtur?

157 3491 240 3560 Quid
263 3496 301 3560 de
323 3495 445 3562 vitibus
464 3496 661 3584 'olivetisque
684 3500 810 3568 dicam?
839 3524 975 3588 quarum
997 3502 1168 3572 uberrumi
