2452 3938
153 201 219 266 252
584 197 745 253 nerino
1207 139 1208 214 ³

152 357 270 412 cumque
297 341 378 409 fiant,
406 339 467 396 fleri
493 338 587 396 omnia
613 337 705 394 causis
733 337 975 405 antecedentibus3
1002 338 1151 394 voluntatis

152 413 227 468 enim
248 413 362 466 nostrae
384 427 441 466 non
463 427 524 466 esse
548 426 646 466 causas
669 411 797 464 externas
819 411 850 464 et
871 409 1066 464 antecedentes
1084 413 1152 480 (cap.

152 489 255 538 10-12
275 489 290 548 ς
306 483 431 550 21—29).
463 481 517 536 Hic
535 479 649 537 disserit
667 479 753 536 etiarn
771 479 806 534 dc
819 479 924 550 ignava
936 479 1052 548 ratione,
1070 479 1154 535 idest

152 553 187 607 de
204 549 282 622 ἄργῶ
302 549 384 622 λόγῳ,
404 567 459 620 qua
476 551 599 606 admissa
617 567 728 605 omnem
746 566 761 605 e
780 547 840 606 vita
857 549 923 604 tolli
935 549 1077 605 actionem
1088 549 1153 604 libc-

152 637 213 678 ram
231 608 315 677 do'cet
333 621 484 692 Chrysippi
502 621 531 677 et
545 619 679 676 Carneadi
696 620 818 676 rationes
836 635 953 689 aequem
967 622 1039 690 (cap.
1055 627 1155 676 13-16

152 695 306 764 §ao-38).
334 692 462 761 Denique
481 708 544 747 cum
561 692 633 747 dnae
650 690 771 745 fiderent
787 691 914 746 veterum
926 691 1040 760 philoso
1060 692 1155 746 horum

154 762 322 831 sententiae,
345 779 401 818 una
424 779 530 830 eorum,
554 762 603 831 qni
621 763 767 816 censerent
785 760 879 816 omnia
895 761 937 816 ita
954 761 1014 816 icto
1054 761 1106 828 eri,
1127 763 1157 816 ut

153 834 242 889 iatum
265 834 322 889 vim
345 833 523 889 necessitatis
546 832 679 900 adferret,
705 831 795 886 altera
817 848 926 898 eorum,
951 832 1000 902 qni
1023 831 1084 887 sine
1102 832 1156 887 ullo

153 904 213 959 fato
237 921 297 960 esse
320 904 476 959 animorum
498 905 590 957 motus
615 902 788 958 voluntarios
805 903 950 972 putarent,
974 903 1157 973 Chrysippum
1210 868 1211 950 1

154 975 196 1030 ait
217 974 341 1030 medium
361 974 444 1030 ferire
462 973 598 1040 voluisse,
622 973 673 1028 sed
690 973 787 1027 tamen
803 973 895 1042 magis
913 972 949 1026 ad
968 988 1067 1028 eorum
1083 990 1157 1027 acce-
1210 985 1211 988 ’

155 1046 221 1104 dere
241 1045 418 1113 sententiam,
437 1043 485 1114 qui
502 1043 672 1100 necessitate
689 1044 783 1098 motus
801 1043 908 1097 animos
926 1042 1033 1098 liberos
1048 1060 1108 1099 csse
1122 1061 1158 1098 ar-

152 1115 292 1171 bitrentur
317 1119 387 1186 (cap.
414 1121 517 1171 17-19
540 1121 555 1181 ξ
579 1115 701 1184 39-45).
742 1113 900 1182 Utcumque
925 1129 955 1168 se
980 1130 1027 1168 res
1052 1115 1158 1179 habeat

153 1186 208 1240 hoc
228 1187 302 1241 certe
320 1185 404 1240 modo
423 1185 460 1240 ad
477 1186 550 1238 hanc
569 1200 683 1239 causam
700 1183 913 1266 disceptandam
930 1199 989 1239 non
1007 1185 1045 1238 ab
1064 1184 1159 1240 atomis

155 1257 310 1311 errantibus
333 1257 363 1310 et
386 1255 420 1309 de
443 1254 491 1310 via
514 1253 718 1309 declinantibus
741 1253 876 1325 Epicurio
896 1269 973 1310 moro
992 1255 1159 1325 praesidium

154 1326 307 1397 petendum
324 1324 415 1381 videri
433 1327 504 1395 (cap.
524 1331 559 1381 20
577 1332 593 1392 ξ
611 1326 735 1392 46-48).

117 1555 136 1679 ᾖ
229 1574 388 1660 ...quia
404 1574 547 1660 pertinet
566 1573 606 1639 ad
624 1595 740 1658 mores,
759 1573 845 1658 quod
862 1563 949 1657 ἦθος
966 1573 1020 1639 illi
1039 1579 1160 1658 vocant,

155 1684 216 1729 nos
244 1685 318 1728 eam·
338 1666 466 1749 partem
488 1661 714 1749 philosophiae
738 1661 781 1727 de
804 1662 974 1727 moribus
999 1664 1160 1750 appellare

156 1751 307 1836 solemus,
330 1751 387 1816 scd
409 1750 501 1816 decet
523 1753 696 1837 augentem
718 1750 866 1836 linguam
887 1749 1044 1816 Latinam
1067 1751 1161 1818 nomi·
1213 1795 1214 1818 1

155 1861 234 1904 nare
257 1840 458 1924 moralcm3
481 1837 732 1946 explicandaque
754 1837 804 1904 via
827 1841 877 1902 est
900 1837 1053 1923 ratioque
1072 1861 1160 1904 enun-

155 1927 342 2011 tiationum,
370 1949 451 2011 quae
475 1926 591 1992 Graeci
614 1922 782 2010 ἀξιωματα
803 1930 934 2010 vocant3
961 1948 1048 2011 quae
1072 1928 1110 1992 de
1131 1943 1181 1990 res

154 2015 267 2081 futura
288 2037 362 2081 cum
385 2014 507 2099 aliquid
530 2015 640 2080 dicunt
662 2014 764 2098 deque
787 2035 835 2098 eo,
859 2014 945 2098 quod
965 2017 1078 2099 possit
1099 2014 1162 2079 fieri

157 2106 215 2167 aut
237 2124 303 2168 non
325 2103 443 2188 possit,
468 2124 565 2187 quam
587 2102 655 2182 vim
676 2101 830 2186 habeant,
854 2103 993 2167 obscura
1018 2101 1161 2188 quaestio

157 2193 216 2274 eet,
239 2211 337 2274 quam
355 2189 430 2276 περὶ
449 2191 604 2256 δυνατῶν
622 2188 811 2276 philosophi
830 2190 1007 2275 appellant,
1032 2195 1162 2276 totaque

157 2281 208 2343 est
238 2274 372 2364 λογική,
410 2301 508 2364 quam
539 2278 699 2344 rationem
720 2279 907 2343 'disserendi
938 2299 1030 2344 voco.
1077 2278 1162 2355 Quod

157 2370 266 2432 autem
288 2367 324 2431 in
346 2367 420 2432 aliis
442 2367 536 2431 libris
557 2365 628 2448 feci,
652 2366 807 2450 quisunt
829 2365 1003 2432 denatura
1023 2368 1192 2450 deorum,1⁰

156 2455 298 2540 itemque
320 2455 422 2540 iniis,
446 2476 527 2539 quon
546 2453 584 2519 de
603 2453 801 2520 divinatione
820 2453 913 2538 edidi,
935 2458 972 2519 ut
991 2456 1028 2520 in
1046 2460 1162 2522 utram·

156 2565 201 2696 1
203 2563 234 2696 i
242 2546 384 2697 Ρῗὲθῗθ
392 2567 414 2628 r
416 2545 611 2697 tatii
612 2542 802 2696 ruffi
812 2542 1027 2695 ⁰112ssth
1038 2543 1161 2699 stt?

157 2719 224 2784 bile
250 2653 428 2804 iideileturI:
453 2718 486 2783 id
512 2719 548 2784 in
573 2651 883 2870 hichisputatione
911 2717 949 2784 de
977 2656 1161 2786 fatopcasue

122 2807 290 2892 aquidum
321 2829 362 2872 ne
393 2807 533 2872 facerem
564 2805 731 2892 inpediri.
775 2803 862 2871 Nam
894 2829 967 2872 cum
1000 2829 1106 2874 essem
1131 2808 1192 2872 inu

157 2893 339 2960 Puteolano
353 2893 546 2980 Hirtiusque
567 2899 689 2979 noster,
711 2895 825 2960 consul
843 2894 1041 2981 designatus,
1063 2897 1162 2962 isdem

158 2982 194 3048 in
215 2981 310 3066 Ionia,
332 2983 383 3047 vir
404 2984 500 3047 nobis
524 2983 739 3048 amicissimus
762 2982 868 3048 ethis
892 2983 1019 3068 studiis,
1040 2985 1077 3050 in
1100 2983 1163 3069 qui-

158 3072 219 3136 bus
242 3089 303 3135 nos
327 3091 347 3134 a
368 3070 510 3153 pucritia
527 3071 676 3156 viximus,
698 3070 835 3155 deditus,
858 3071 998 3136 multum
1015 3095 1082 3138 una
1100 3093 1162 3137 era·

159 3179 241 3242 mus,
259 3157 399 3221 maxime
417 3177 477 3222 nos
497 3157 626 3242 quidem
645 3159 848 3243 exquirentes
867 3180 906 3224 ea
919 3159 1064 3246 consilia,
1084 3181 1161 3245 qnae

161 3246 202 3312 ad
224 3265 337 3332 pacem
361 3247 394 3310 et
417 3245 459 3311 ad
481 3247 685 3312 concordiam
704 3248 821 3314 civium
839 3247 1048 3333 pertinerent.
1085 3247 1194 3314 cuma

162 3335 248 3399 enim
272 3355 383 3399 omnes
406 3337 483 3418 post
504 3334 673 3400 interitum
692 3333 840 3400 Caesaris
862 3357 1020 3402 novarum
1042 3339 1162 3422 pertur-

162 3422 333 3486 bationum
360 3441 475 3486 causac
498 3422 610 3506 quaeri
631 3423 817 3488 viderentur
839 3423 944 3508 iisqne
967 3445 1038 3490 esse
1060 3445 1161 3490 occur·

161 3509 299 3574 rendum
320 3512 518 3595 putaremus,
541 3510 646 3575 omnis
668 3510 736 3577 fere
758 3515 872 3577 nostra
889 3513 924 3577 in
941 3512 993 3578 his
1012 3513 1161 3579 delibera·
