2478 3936
301 183 367 239 LIB.
386 184 420 240 ΙΙ.
449 183 523 238 CAP.
543 191 656 242 30-33.
679 191 695 254 ὅ
713 191 827 244 ‘lt—84.
1025 188 1069 252 75

77 327 255 412 participem
282 327 420 394 rationis
448 332 545 414 atque
573 328 694 394 ordinis
721 334 889 415 tamquam
916 331 971 398 via
992 353 1068 417 pro·

78 415 263 500 gredientem
290 416 584 501 declarantemque,
615 417 692 502 quid
719 417 873 503 cuiusque
899 419 947 486 rei
970 442 1067 485 causa

76 501 189 588 efficiat,
208 503 289 589 qnid
306 508 469 590 sequatur,
487 505 577 571 cuius
596 504 777 572 sollertiam
789 506 881 572 nulla
896 529 958 592 ars,
975 508 1068 573 nulla

74 613 185 676 nanus,
202 613 300 658 nemo
320 591 428 678 opifex
446 593 599 676 consequi
615 594 723 678 possit
739 594 911 679 imitand03
935 595 1067 662 seminis

55 679 146 744 serim
172 681 241 746 vim
269 701 340 746 esse
362 683 502 765 tantam,
528 685 566 746 ut
587 681 634 766 id,
661 703 857 767 quamquam
880 683 924 749 sit
945 684 1068 770 perexi-

72 787 168 852 guum,
190 773 314 853 tamen,
337 767 366 833 si
386 768 535 834 inciderit
552 769 587 834 in
604 770 837 856 concipientem
852 772 1067 858 conprenden-

71 858 189 940 temque
222 860 377 922 naturam
407 860 624 941 nanctumque
651 858 695 923 sit
718 859 904 944 materiam,
935 883 999 946 qua
1022 860 1068 925 ali

70 945 236 1029 augerique
259 945 374 1030 possit,
396 944 444 1010 ita
465 945 569 1031 fingat
591 949 625 1010 et
647 944 768 1012 efficiat
789 947 824 1012 in
847 969 905 1012 suo
929 948 1078 1032 quidque,

70 1051 189 1117 genere,
223 1032 348 1118 partim
373 1036 411 1096 ut
437 1037 566 1098 tantum
593 1033 689 1099 modo
716 1055 775 1120 per
797 1034 915 1119 stirpes
938 1036 1069 1100 alantur

42 1138 149 1203 usuas,
175 1121 302 1207 partim
328 1124 366 1187 ut
392 1122 515 1187 moveri
538 1121 636 1186 etiam
659 1126 692 1186 ct
715 1122 837 1188 sentire
859 1125 893 1188 et
915 1126 1068 1208 appetere

69 1208 188 1291 possint
216 1212 252 1274 ct
279 1231 318 1274 ex
346 1229 415 1275 sese
443 1209 563 1274 similia
585 1209 635 1274 sui
658 1209 800 1294 gignere.
845 1208 928 1276 Sunt
950 1215 1121 1296 antemna

69 1295 117 1448 u
129 1297 261 1450 rrrt
287 1407 545 1471 m,
568 1297 1069 1473 terrueruut

253 1433 261 1448 ⁹
431 1435 439 1469 7

70 1474 98 1535 et
116 1471 223 1559 inane,
248 1494 393 1558 quaeque
415 1473 467 1538 his
490 1437 645 1540 accidant’.
681 1472 744 1539 Sed
762 1496 823 1540 uos
842 1498 914 1541 cum
933 1476 1068 1542 dicimus

42 1563 179 1626 aalma
202 1565 352 1627 constare
375 1561 657 1646 administrarique
680 1563 844 1645 mundum,
866 1585 933 1628 non
954 1563 1002 1628 ita
1023 1563 1069 1627 di·

70 1647 173 1734 cimus,
197 1653 236 1714 ut
254 1649 404 1734 glaebam
422 1654 479 1715 aut
496 1649 716 1734 fragmentum
734 1649 852 1734 lapidis
871 1654 928 1715 aut
947 1651 1069 1734 aliquid

70 1735 131 1802 cius
157 1737 249 1802 modi
275 1737 367 1802 nulla
394 1737 585 1804 cohaerendi
608 1739 743 1821 natura,
773 1737 829 1802 sed
850 1739 889 1802 ut
911 1738 1069 1822 arborem,

69 1824 250 1909 nt'animal,
272 1825 308 1890 in
326 1825 443 1909 quibus
460 1827 552 1891 nulla
569 1825 746 1910 temeritas,
765 1824 823 1891 sed
840 1824 919 1891 ordo
934 1831 1070 1912 apparet

70 1913 98 1977 et
119 1914 200 1979 artis
225 1912 383 1997 quaedam
406 1913 593 1980 similitudo.

44 2017 62 2057 t
128 2000 254 2079 Quodsi
276 2022 323 2086 ea,
346 2023 427 2086 quae
446 2025 466 2067 a
482 2006 570 2067 terra
589 2002 745 2086 stirpibus
760 2002 975 2089 continentur,
998 1967 1124 2096 ατὲθξξ

70 2093 199 2156 naturae
228 2089 343 2155 vivunt
372 2093 405 2156 ct
430 2090 556 2176 vigent,
584 2091 730 2175 profecto
753 2091 825 2177 ipsa
848 2095 936 2165 terra
958 2090 1070 2158 eadem

71 2176 100 2241 ri
125 2177 312 2244 continetur
342 2179 426 2259 [arte
451 2181 615 2262 naturae],
648 2178 767 2265 quippe
795 2201 877 2264 quae
900 2179 1071 2266 gravidata

16 2263 17 2274 ’
72 2267 244 2332 seminibus
275 2266 384 2332 omnia
414 2267 523 2352 pariat
554 2271 588 2331 et
617 2265 732 2332 fundat
765 2289 803 2332 cx
835 2289 919 2353 sese,
951 2269 1070 2354 stirpes

72 2356 216 2440 amplexa
238 2354 308 2420 alat
330 2357 363 2418 et
385 2359 504 2440 augeat
525 2355 660 2440 ipsaque
683 2355 791 2420 alatur
812 2355 955 2421 vicissim
978 2377 998 2420 a
1021 2377 1071 2420 su·

45 2443 151 2525 ²⁵peris
170 2442 376 2527 externisque
393 2442 528 2509 naturis
562 2440 780 2528 Eiusdemque
799 2435 1071 2528 exspirationibus

73 2533 100 2594 et
121 2537 178 2596 atr
201 2531 301 2596 alitur
324 2533 356 2595 et
379 2531 491 2598 aether
506 2535 547 2596 et
564 2531 673 2597 omnia
691 2551 816 2617 supera.
852 2530 913 2614 lta,
937 2529 966 2596 si
983 2534 1072 2596 terra

73 2623 182 2685 natura
200 2621 330 2685 tenetur
348 2622 382 2683 et
399 2619 498 2705 viget,
522 2619 632 2685 eadem
650 2620 735 2685 ratio
754 2619 790 2683 in
807 2618 933 2703 reliquo
951 2619 1072 2684 mundo

74 2710 128 2792 est3
155 2707 276 2792 stirpes
303 2706 388 2772 enim
415 2712 521 2772 terrac
548 2708 731 2791 inhaerent3
758 2706 940 2772 animantes
963 2709 1072 2774 autem
1137 2721 1140 2726 ’

75 2794 286 2881 adspiratione
314 2794 398 2860 a'e'ris
426 2796 639 2880 sustinentur,
666 2795 799 2880 ipseque
826 2798 882 2860 atr
903 2795 1072 2862 nobiscum

46 2883 167 2968 ³⁰ridet,
197 2882 367 2948 nobiscum
400 2883 503 2968 audit,
534 2883 704 2952 nobiscum
736 2886 843 2968 sonat3
874 2883 958 2950 nihil
986 2885 1072 2951 enim

75 2991 177 3036 eorum
206 2971 275 3036 sine
302 2992 340 3036 eo
367 2969 438 3036 fieri
464 2975 587 3058 potest3
615 2971 693 3055 quin
720 2971 820 3037 etiam
846 2977 995 3039 movetur
1016 2995 1072 3039 no·

75 3057 206 3144 biscum3
230 3081 430 3144 quacumque
453 3059 539 3125 enim
561 3060 655 3143 imus,
679 3081 878 3146 quacumque
897 3083 1083 3145 movemur,

74 3147 194 3213 ridetur
218 3146 311 3231 quasi
333 3147 441 3214 locum
464 3147 539 3213 dare
563 3152 595 3213 et
618 3147 737 3214 cedere.
778 3147 929 3234 Quaeque
951 3149 987 3213 in
1008 3169 1073 3213 me·
1091 3159 1126 3212 sl

76 3231 157 3301 diurn
179 3234 288 3300 locum
310 3235 430 3320 mundi,
454 3235 509 3320 qui
533 3239 583 3301 est
604 3236 744 3322 infimus,
767 3242 800 3302 et
822 3258 905 3321 quae
929 3234 1072 3300 emedio

49 3321 105 3388 eia
129 3344 282 3411 superum
306 3345 450 3408 quaeque
473 3323 680 3390 conversione
703 3324 843 3390 rotunda
866 3322 987 3388 circum
1008 3343 1073 3388 ms

78 3408 157 3476 dium
178 3412 337 3495 feruntur,
360 3432 399 3476 ea
421 3411 641 3488 continentem
663 3411 774 3476 mundi
796 3409 940 3475 efficiunt
962 3431 1073 3476 unam·

79 3518 132 3582 qne
148 3504 308 3565 naturam.
345 3498 390 3564 Et
408 3520 480 3564 cum
499 3503 653 3583 quattuor
671 3519 790 3585 genera
808 3495 874 3562 sint
892 3518 1072 3582 corporum,
