2510 3936
193 192 256 256 388
590 187 811 243 nascamus

193 341 267 404 ante
290 339 369 401 nata
391 337 441 399 est
459 355 558 417 quam
577 334 699 418 scripta
716 334 770 396 1111
788 333 857 398 ulla
876 337 933 398 aut
953 355 1049 418 quam
1066 333 1189 399 omnino

140 426 307 492 1011111111
330 422 518 489 constituta.
552 421 587 502 Q.
606 421 814 487 Commodius
833 444 911 486 vero
930 427 964 488 et
981 423 1022 487 ad
1039 420 1191 487 rationem

71 547 74 554 ·
192 512 336 579 instituti
368 510 526 575 sermonis
554 511 740 594 sapientius.
785 511 835 574 M.
861 509 963 575 Visne
991 532 1068 596 ergo
1095 510 1190 595 ipsius

190 602 271 666 iuris
294 603 403 664 ortum
425 621 446 662 a
467 598 558 663 fonte
580 598 789 683 repetamus?
812 620 876 681 quo
899 599 1032 664 invento
1054 621 1121 664 non
1137 599 1192 662 erit

193 689 340 772 dubium,
373 709 437 772 quo
470 687 535 751 sint
567 687 648 752 haec
678 686 860 770 referenda,
892 709 974 771 quac
1008 687 1213 771 quaerimus.⁵

193 779 228 860 Q.
248 777 320 862 Ego
342 798 420 841 vero
438 775 486 839 ita
505 797 575 840 csse
592 775 774 840 faciendum
793 797 917 840 censeo.
953 775 1030 842 Ara
1052 775 1106 841 Me
1125 798 1193 860 quo

193 887 255 951 que
287 865 433 930 adscribe
460 863 573 928 fratris
601 864 790 929 sententiae.
836 866 883 929 M.
912 861 1072 939 Quoniam
1099 865 1193 950 igitur

192 955 261 1020 eius
283 953 331 1018 rei
354 953 512 1037 publicae,
536 974 634 1035 quam
657 957 827 1036 optumam
850 973 920 1017 esse
944 952 1054 1018 docuit
1078 953 1113 1018 in
1133 953 1193 1017 illis

193 1063 249 1108 sex
271 1041 365 1106 libris
380 1039 496 1125 Scipio,
519 1041 676 1105 tenendus
700 1045 751 1104 cst
771 1041 869 1110 nobis
888 1045 921 1106 et
940 1042 1119 1107 servandus
1137 1045 1193 1106 sta-

192 1135 246 1196 tus
274 1151 448 1214 omnesque
476 1129 566 1213 leges
594 1128 889 1193 adcommodandae
913 1130 954 1194 ad
976 1130 1060 1195 illud
1093 1129 1223 1196 civita-1⁰

192 1219 237 1282 tis
265 1239 380 1305 genus,
411 1216 537 1281 serendi
573 1217 673 1282 ctiam
704 1238 811 1281 mores
842 1239 902 1282 nec
933 1219 1067 1304 scriptis
1095 1218 1195 1284 omnia

193 1306 377 1389 sancienda,
404 1308 550 1389 repetam
577 1305 712 1390 stirpem
733 1305 815 1369 iuris
839 1309 1012 1390 enatura,
1036 1331 1103 1391 qua
1125 1309 1194 1372 duce

191 1393 286 1459 nobis
302 1391 406 1457 omnis
422 1396 473 1457 est
486 1393 666 1478 disputatio
680 1393 877 1478 explicanda.
909 1397 985 1462 Ara
998 1395 1194 1479 Rectissime,

193 1484 226 1546 et
249 1480 378 1564 quidem
401 1481 466 1545 ista
488 1482 567 1546 duce
591 1483 693 1548 errari
714 1483 805 1546 nullo
828 1485 924 1568 pacto
947 1487 1068 1569 potest.

139 1547 172 1672 2}
258 1571 306 1635 M.
329 1569 438 1634 Dasnc
461 1569 563 1656 igitur
581 1571 643 1636 hoc
660 1571 763 1655 nobis,
785 1570 955 1657 Pomponi,
978 1571 1073 1658 (nam
1092 1573 1194 1650 Quinti
1206 1587 1223 1627 1⁵

192 1659 269 1724 novi
293 1657 501 1744 sententiam)
526 1659 659 1724 deorum
680 1660 905 1725 inmortalium
927 1661 974 1744 vi,
996 1666 1131 1746 natura,
1152 1684 1194 1726 ra·

191 1748 293 1831 tione,
320 1751 498 1832 potestate,
521 1751 641 1831 mente,
663 1748 810 1833 numine,
838 1749 907 1814 sive
930 1751 1016 1833 quod
1040 1756 1093 1815 est
1116 1749 1194 1816 aliud

193 1836 341 1919 verbum,
369 1858 432 1920 quo
455 1835 584 1920 planius
608 1837 800 1922 significem,
828 1837 914 1922 quod
935 1838 1026 1922 volo,
1050 1843 1194 1906 naturam

193 1945 320 1988 omnem
348 1924 440 2009 regi?
472 1946 549 1988 nam
577 1925 606 1988 si
631 1924 693 1990 hoc
719 1946 786 1989 non
811 1927 946 2010 probas,
974 1927 1015 1990 ab
1045 1949 1085 1992 eo
1108 1928 1193 1993 nobis

192 2033 290 2076 causa
312 2012 466 2076 ordienda
489 2016 539 2077 cst
561 2013 776 2096 potissimum.
812 2015 889 2079 Ara
912 2014 963 2080 Do
987 2037 1076 2100 sane,
1100 2016 1129 2080 si
1145 2028 1223 2100 pot⁰

192 2100 311 2181 stolas,
333 2100 454 2163 etenim
476 2104 610 2184 propter
632 2101 718 2165 hunc
740 2107 930 2167 concentum
953 2104 1064 2168 avium
1089 2104 1194 2188 strepi·

191 2190 326 2268 tumque
344 2187 512 2250 fluminum
530 2210 596 2252 non
614 2210 735 2271 vereor,
756 2190 1051 2275 condiscipulorum
1069 2215 1112 2258 ne
1130 2192 1192 2277 quis

192 2273 351 2338 exaudiat.
395 2275 443 2338 M.
471 2273 573 2359 Atqui
601 2278 776 2342 cavendum
804 2282 868 2362 est3
901 2279 1008 2344 solent
1035 2281 1137 2365 enim,
1165 2279 1193 2343 id

191 2362 278 2445 quod
300 2359 443 2427 virorum
465 2363 625 2428 bonorum
644 2368 702 2449 est,
726 2367 898 2431 admodum
916 2367 1022 2452 irasci,
1045 2389 1107 2434 nec
1124 2389 1192 2432 vcro

189 2449 304 2534 ferent,
328 2450 357 2514 si
380 2451 540 2515 audierint
562 2456 596 2516 te
618 2453 760 2537 primum
779 2459 877 2539 caput
895 2455 972 2521 libri
990 2457 1112 2540 optimi
1128 2467 1221 2542 prot⁵

191 2538 319 2622 didisse,
340 2538 457 2623 inquo
481 2539 612 2624 scripsit
633 2541 716 2605 nihil
739 2563 851 2607 curare
875 2543 969 2608 deum
991 2565 1052 2610 nec
1074 2545 1125 2610 sui
1141 2565 1192 2608 nec

138 2635 171 2684 22
191 2626 296 2690 alieni.
327 2627 403 2693 Ara
417 2627 530 2712 Perge,
549 2649 683 2712 quaeso,
704 2652 781 2694 nam
799 2631 842 2713 id,
861 2633 947 2715 quod
965 2633 1027 2697 tibi
1046 2631 1192 2713 concessi,

191 2735 328 2798 quorsus
355 2715 530 2799 pertineat,
558 2721 700 2800 expecto·
743 2719 791 2784 M.
810 2717 889 2784 'Non
911 2720 1030 2785 faciam
1053 2722 1192 2807 longius3

189 2801 253 2866 huc
275 2802 362 2867 enim
384 2803 535 2887 pertinet,
559 2805 679 2869 animal
700 2805 762 2871 hoc
780 2808 959 2893 providum,
983 2829 1096 2895 sagax,
1119 2808 1192 2874 mul·

189 2888 305 2971 tiplcx,
337 2894 480 2975 acutum,
512 2913 649 2977 memor,
675 2893 808 2977 plenum
835 2897 971 2962 rationis
999 2901 1033 2961 et
1060 2896 1221 2978 consilii,³⁰

190 2995 286 3058 quem
304 2997 455 3042 vocamus
475 2979 648 3065 hominem,
667 2984 835 3066 praeclara
854 2985 993 3069 quadam
1011 2986 1191 3050 condicione

190 3066 380 3148 generatum
408 3086 477 3129 esse
506 3090 525 3133 a
551 3089 701 3154 supremo
730 3071 802 3155 deo,
834 3074 941 3137 solum
968 3076 1019 3138 111
1046 3075 1131 3138 enim
1157 3093 1191 3135 ex

189 3153 240 3215 tot
263 3149 478 3217 animantium
502 3157 672 3240 gonoribus
696 3163 794 3244 atque
815 3161 943 3226 naturis
965 3163 1128 3247 particeps
1145 3183 1190 3224 ra·
1238 3169 1239 3224 1

189 3237 288 3302 tionis
307 3243 340 3302 et
358 3241 577 3326 cogitationis,
596 3266 694 3328 quom
713 3251 820 3313 cetera
838 3249 905 3313 sint
919 3250 1029 3314 omnia
1042 3249 1189 3334 expertia.
1238 3233 1239 3326 1

190 3323 273 3398 Quid
300 3330 350 3390 est
378 3333 486 3394 autem
512 3352 579 3395 non
606 3333 711 3399 dicam
737 3335 771 3400 in
798 3337 943 3423 homine,
971 3339 1084 3402 sedin
1107 3327 1239 3403 omni³⁵l

190 3411 278 3476 caelo
298 3417 394 3498 atque
413 3420 501 3480 terra
520 3419 645 3484 ratione
665 3423 825 3489 divinius?
845 3448 927 3509 quae
941 3449 1039 3511 quom
1054 3423 1189 3491 adolevit

137 3507 169 3556 23
190 3501 287 3582 atque
310 3502 453 3584 perfecta
475 3508 534 3588 est,
556 3508 743 3575 nominatur
765 3513 828 3578 rite
852 3514 1021 3600 sapientia.
1057 3514 1118 3580 Est
1135 3511 1189 3600 igi·
1238 3559 1239 3610 ,
