2458 3934
166 179 230 242 172
530 176 581 230 DE
598 175 842 230 Dlvmsu'lon'a

164 322 332 406 perterriti
353 325 443 387 metu
465 319 698 386 conscendistis
720 323 756 384 et
776 324 876 384 noctu
895 319 937 384 ad
953 319 1109 406 oppidum
1126 341 1171 383 re·

166 411 339 495 spicientes
360 410 533 495 flagrantis
555 409 730 492 onerarias,
753 430 835 492 quas
856 408 1066 473 incenderant
1088 408 1172 472 mili·

164 502 225 581 tes,
247 498 325 581 quia
347 499 439 582 sequi
459 498 641 580 noluerant,
663 495 840 579 videbatis3
860 499 1027 580 postremo
1051 519 1071 560 a
1088 495 1173 560 Rho-

166 586 220 650 dia
242 587 347 651 classe
368 585 490 650 deserti
511 607 625 650 verum
647 587 757 649 vatem
778 583 879 648 fnisse
903 585 1059 649 sensistis.
1213 651 1214 668 1

115 689 148 736 cc
232 673 379 758 Exposui
406 696 504 758 quam
530 673 721 740 brevissime
743 673 837 757 potui
858 672 977 736 somnii
1000 677 1033 736 et
1054 671 1174 736 fauoris
1204 683 1214 732 s

166 763 287 846 oracla,
309 783 391 846 quae
413 783 523 827 carere
546 766 616 825 arte
640 761 792 824 dixeram
837 759 982 835 Quorum
1005 761 1176 846 amborum
1213 787 1214 800 ¹

167 870 323 936 generum
344 872 410 915 una
427 850 513 914 ratio
531 854 592 934 est,
613 871 678 933 qua
692 848 868 934 Cratippus
885 853 998 913 noster
1015 849 1066 912 uti
1083 850 1176 931 solet,

167 939 293 1004 animos
324 939 494 1004 hominum
526 938 666 1022 quadam
693 959 732 1001 ex
759 941 853 1021 parte
879 937 1078 1002 extrinsecus
1105 958 1176 1000 esse
1213 937 1214 1016 l

166 1031 291 1092 tractos
319 1031 352 1092 et
376 1028 512 1092 haustos
535 1023 589 1111 (ex
611 1047 675 1110 quo
697 1025 901 1110 intellegitur
924 1046 994 1089 esse
1018 1029 1109 1090 extre
1129 1023 1176 1088 di·

167 1116 279 1180 vinum
292 1115 447 1199 animum,
463 1113 624 1179 humanus
643 1113 727 1178 unde
741 1111 900 1199 ducatur),
918 1113 1055 1178 humani
1068 1116 1201 1179 autem1

168 1203 270 1266 animi
292 1207 527 1287 campartem,
554 1224 637 1287 quae
660 1223 804 1284 sensum,
827 1223 910 1286 quae
931 1206 1073 1287 motum,
1095 1223 1175 1286 quae

168 1290 349 1374 adpetitum
371 1290 505 1374 habeat,
531 1312 597 1355 non
619 1311 690 1354 esse
712 1291 755 1354 ab
778 1290 905 1354 actione
927 1290 1074 1375 corporis
1097 1291 1176 1354 seiu·

168 1383 295 1464 gatam3
318 1381 400 1462 quae
423 1381 532 1442 autem
554 1400 631 1464 pars
654 1378 755 1443 animi
777 1377 913 1442 rationis
936 1382 1035 1462 atque
1053 1378 1177 1444 intelle

169 1467 299 1553 gantiae
321 1466 566 1551 sit'particeps,
596 1489 669 1531 eam
690 1470 762 1530 tum
784 1487 934 1530 maxume
956 1467 1082 1552 vigere,
1105 1489 1176 1532 cum

116 1570 149 1618 71
168 1555 346 1640 plurimum
369 1555 457 1619 absit
479 1577 500 1618 a
521 1576 664 1638 corpora.
703 1554 819 1638 Itaque
842 1554 998 1638 expositis
1022 1555 1176 1640 exemplis
1189 1569 1214 1616 lc

168 1665 319 1708 verarum
340 1643 610 1708 vaticinationum
632 1647 667 1706 et
684 1642 884 1708 somniorum
898 1639 1076 1728 Cratippus
1095 1645 1176 1708 solet

165 1733 328 1796 rationem
350 1730 539 1797 concludere
560 1730 623 1796 hoc
644 1731 754 1796 modo:
778 1727 834 1794 ‘Si
856 1731 938 1796 sine
961 1732 1088 1796 oculis
1104 1754 1176 1798 uon

168 1823 301 1905 potest
335 1824 488 1885 exstare
519 1817 697 1884 officium
728 1822 767 1882 et
797 1839 932 1883 munus
965 1822 1176 1903 oculorum,

168 1911 334 1993 possunt
361 1911 488 1972 eutem
515 1906 724 1991 aliquando
752 1906 856 1972 oculi
877 1928 952 1972 non
974 1908 1089 1994 fungi
1111 1929 1175 1973 suo

169 2016 338 2080 munere,
365 1996 430 2082 qui
456 1996 518 2060 vel
546 1995 663 2060 semel
690 1995 748 2060 ita
774 1998 834 2059 est
856 2016 946 2060 usus
970 1997 1110 2080 oculis,
1135 2000 1207 2060 uta

169 2105 259 2148 vera
281 2088 470 2167 cerneret,
492 2083 526 2147 is
548 2084 668 2149 habet
691 2104 843 2147 sensum
865 2083 1066 2149 oculorum
1089 2107 1175 2150 vera

169 2171 418 2236 cernentium.
462 2170 561 2236 Item
589 2171 728 2258 igitur,
758 2172 793 2235 si
820 2172 903 2236 sine
933 2171 1175 2238 divinatione

168 2280 244 2324 non
265 2263 398 2344 potest
420 2259 599 2325 officium
621 2263 659 2324 et
681 2281 815 2324 munus
835 2259 1096 2326 divinationis
1119 2284 1175 2326 ex·

170 2351 288 2432 stare,
324 2351 457 2433 potest
487 2351 614 2413 autem
645 2348 744 2431 quis,
780 2369 862 2413 cum
894 2347 1173 2414 divinationem

168 2435 329 2520 habeat,
366 2457 496 2501 errare
533 2436 742 2521 aliquando
778 2457 846 2502 nec
882 2457 973 2500 vera
1008 2449 1205 2517 cerneres

170 2525 269 2589 satis
292 2527 351 2588 est
369 2525 415 2589 ad
434 2523 738 2590 confirmandam
757 2523 1040 2590 divinationem
1060 2525 1173 2591 semel

170 2611 321 2697 aliquid
351 2633 435 2677 esse
466 2613 523 2676 ita
552 2613 779 2695 divinatum,
810 2616 852 2676 ut
879 2612 981 2676 nihil
1008 2612 1172 2680 fortuito

170 2700 357 2766 cecidisse
388 2701 577 2766 videatur.
623 2698 719 2765 Sunt
751 2703 876 2765 autem
909 2699 989 2764 eius
1021 2703 1172 2786 generis

170 2788 485 2872 innumerabilia3
517 2809 601 2853 esse
627 2788 752 2875 igitur
780 2787 1062 2854 divinationem
1093 2811 1171 2856 con-

169 2874 358 2939 fitendum
381 2875 461 2941 est'
1182 2889 1203 2928 ³⁰

118 2940 160 3066 ἓξ
237 2959 325 3036 Quae
352 2983 429 3029 vero
458 2967 515 3030 aut
542 2965 726 3031 coniectura
748 2965 950 3050 explicantur
972 2969 1030 3031 aut
1053 2966 1170 3032 eventis

171 3049 396 3115 animadversa
418 3073 456 3116 ac
477 3057 595 3119 notata
617 3056 705 3136 sunt,
732 3074 771 3118 ea
794 3073 912 3138 genera
935 3053 1114 3139 divinandi,
1138 3055 1171 3117 ut
1213 3085 1214 3150 p

171 3160 270 3226 supra
293 3137 371 3222 dixi,
393 3161 460 3204 non
481 3141 659 3223 naturalia,
682 3141 738 3205 sed
761 3141 936 3206 artificiosa
959 3140 1169 3227 dicuutur3in
1213 3151 1214 3154 ’

170 3248 233 3310 quo
265 3227 467 3312 haruspices,
500 3249 638 3314 augures
670 3229 930 3313 coniectoresque
957 3236 1168 3296 numerantur.

169 3313 259 3379 Haec
281 3315 498 3399 inprobantur
521 3337 541 3378 a
562 3315 798 3403 Peripateticis,
821 3341 841 3382 a
863 3315 979 3382 Stoicis
1003 3317 1214 3404 delendus-³⁵¹

170 3404 231 3465 tur.
265 3399 408 3476 Quorum
431 3401 498 3466 alia
520 3406 595 3466 sunt
616 3405 778 3488 posituim
796 3405 1013 3470 monumentis
1034 3412 1067 3471 et
1085 3403 1167 3471 disci·
1213 3410 1214 3482 l

169 3487 273 3571 plina,
306 3488 391 3571 quod
417 3487 630 3554 Etruscorum
663 3491 830 3558 declarant
858 3498 890 3558 et
916 3493 1115 3578 haruspicini
1140 3494 1167 3555 et
1213 3509 1214 3538 ἐ
