2452 3938
383 165 458 223 CAP.
479 171 556 222 5-8.
576 170 591 232 ξ
614 171 726 222 10-15,
992 169 1057 234 257

60 311 124 376 fieri
144 331 248 396 posse.
294 309 357 394 Tu,
385 314 418 375 et
441 331 522 394 quae
544 329 611 376 non
634 310 699 374 sint
720 310 845 395 futura,
867 333 964 398 posse
986 313 1058 378 fieri

61 397 146 483 dicis,
172 401 209 464 ut
231 397 340 484 frangi
362 398 447 464 hanc
469 419 644 484 gemmam,
673 398 802 464 etiamsi
824 399 858 464 id
879 423 1057 485 numquam

59 485 198 552 futurum
226 486 281 570 sit,
308 507 411 570 neque
437 507 567 552 necesse
592 486 693 551 fuisse
716 485 891 573 Cypselum
919 511 1056 576 regnare

61 571 210 658 Corinthi,
228 594 424 658 quamquam
439 574 475 656 id
493 574 689 641 millensimo
704 579 779 640 ante
794 597 878 642 anno
892 576 1056 662 Apollinis

39 662 184 728 scaeua
211 662 333 728 editum
361 667 455 728 esset.
498 663 544 727 At
572 663 601 728 si
622 663 687 728 ista
710 665 924 748 conprobabis
949 666 1057 731 divina

58 749 227 834 praedicta,
250 753 292 834 et,
314 772 398 835 quae
418 751 505 816 falsa
524 751 559 815 in
575 751 694 817 futuris
714 751 868 837 dicentur,
890 754 925 818 in
942 754 983 818 iis
1001 753 1057 818 ha

58 837 157 922 babis,
182 842 222 902 ut
249 859 288 903 ea
313 839 384 904 fieri
411 860 478 904 non
504 839 632 924 possint
660 842 710 920 [ut
733 840 762 904 si
784 839 911 908 dicatur
933 841 1057 907 Africa

58 947 128 990 num
155 924 360 1013 Karthagine
389 927 598 1012 potiturum],
627 931 673 1011 et,
705 928 734 992 si
762 949 836 993 vere
867 927 991 994 dicatur
1017 930 1056 994 de

58 1012 172 1099 futuro,
194 1014 291 1099 idque
313 1015 362 1079 ita
383 1015 529 1080 futurum
553 1015 605 1099 sit,
628 1015 716 1080 dicas
739 1036 810 1080 esse
828 1017 1057 1100 necessarium3

29 1117 133 1186 cquae
162 1106 214 1168 est
241 1105 313 1168 tota
334 1101 471 1168 Diodori
494 1103 587 1168 vobis
614 1103 745 1168 inimica
772 1104 942 1170 sententia.
982 1105 1057 1170 Ilte·
1077 1119 1111 1168 14

58 1190 119 1254 nim
142 1190 172 1254 si
194 1189 277 1254 illud
299 1211 374 1256 rere
396 1191 588 1256 conectitur:
611 1188 659 1256 ‘Si
681 1191 804 1256 oriente
827 1191 981 1258 Canicula
1003 1215 1057 1258 na·

58 1281 105 1342 tus
127 1299 172 1363 es,
196 1277 231 1342 in
253 1277 337 1343 mari
358 1299 425 1343 non
446 1278 604 1363 moriere’,
627 1279 830 1366 primumque
851 1281 937 1365 quod
955 1283 1058 1346 estin

58 1387 186 1432 conexo:
215 1364 337 1431 ‘Natus
361 1387 395 1431 es
417 1367 542 1432 oriente
565 1365 741 1451 Canicula',
767 1369 985 1435 necessarium
1008 1373 1058 1434 est

59 1451 176 1535 (omnia
207 1454 292 1520 enim
321 1475 398 1520 vera
424 1455 459 1519 in
485 1455 671 1539 praeteritis
697 1457 880 1521 necessaria
903 1461 991 1541 sunt,
1021 1461 1058 1522 ut

29 1557 48 1597 1⁵
58 1539 237 1627 Chrysippo
275 1541 383 1626 placet
415 1542 618 1608 dissentienti
649 1564 669 1606 a
699 1543 858 1628 magistro
891 1543 1058 1628 Cleanthe,

58 1629 128 1714 quia
150 1634 234 1702 sunt,
251 1629 458 1695 inmutabilia
478 1652 538 1696 nec
559 1631 594 1695 in
613 1629 733 1695 falsum
752 1651 769 1696 e
787 1651 863 1695 vero
881 1633 1058 1715 praeterita

58 1721 191 1800 possunt
209 1717 423 1804 convertere);
447 1718 475 1782 si
492 1719 603 1802 igitur,
623 1718 707 1802 quod
725 1719 866 1803 primum
884 1719 920 1783 in
937 1741 1057 1784 conexo

58 1811 110 1890 est,
127 1805 348 1872 necessarium
361 1810 425 1890 est,
442 1807 481 1870 fit
494 1807 602 1890 etiam,
621 1805 707 1890 quod
720 1807 935 1891 consequitur,
952 1829 1058 1873 neees-

58 1895 183 1961 sarium.
207 1893 410 1979 Quamquam
423 1895 485 1960 hoo
495 1893 677 1979 Chrysippo
691 1916 757 1960 non
770 1894 898 1960 videtur
907 1896 1016 1961 valere
1024 1897 1059 1961 in

28 1995 47 2034 ²⁰
58 1983 218 2067 omnibus3
240 1982 296 2048 sed
313 1985 432 2067 tamen,
451 1983 479 2047 si
496 1983 656 2047 naturalis
676 1987 725 2048 est
739 2003 844 2066 causa,
858 2005 915 2062 cur
928 1984 963 2048 in
976 1986 1060 2049 mari

57 2069 172 2136 Fabius
191 2092 258 2136 non
276 2070 443 2155 moriatur,
466 2070 501 2134 in
518 2071 601 2136 mari
616 2069 736 2136 Fabius
755 2071 838 2135 mori
855 2092 922 2140 non
939 2075 1057 2156 potest.

116 2158 191 2226 Hoc
220 2159 292 2224 loco
320 2157 520 2244 Chrysippus
550 2161 702 2224 aestuans
729 2159 803 2223 falli
831 2164 941 2244 sperat
964 2159 1058 2226 Chal·
1078 2131 1112 2257 ᾗ
1201 2193 1207 2202 ·

58 2245 149 2312 dacos
174 2249 361 2331 ceterosque
383 2247 524 2330 divinos,
550 2267 653 2330 neque
677 2268 732 2312 eos
755 2269 870 2312 usuros
894 2269 964 2313 esse
987 2271 1059 2315 oon-

57 2334 281 2418 iunctionibus,
303 2339 340 2400 ut
361 2335 410 2400 ita
428 2357 487 2399 sua
504 2338 656 2419 percepta
673 2335 897 2420 pronuntient:
921 2334 967 2400 ‘si
987 2337 1058 2420 quis

27 2427 148 2488 &natus
173 2426 224 2488 est
247 2423 371 2488 oriente
394 2420 558 2507 Canicula,
579 2422 609 2486 is
631 2422 666 2486 in
689 2423 770 2487 mari
793 2443 859 2486 non
881 2423 1059 2508 morietur',

58 2511 109 2576 sed
131 2511 243 2597 potius
265 2511 314 2575 ita
337 2510 458 2576 dicant:
482 2509 570 2575 ‘Non
592 2513 625 2575 et
647 2513 743 2574 natus
767 2513 817 2575 est
841 2510 912 2593 quis
936 2511 1059 2575 oriente

58 2595 223 2683 Canicula,
250 2602 284 2664 et
305 2598 333 2662 is
356 2599 391 2663 in
414 2598 498 2664 mari
520 2597 696 2663 morietur?
737 2597 764 2662 0
788 2596 953 2662 licentiam
975 2598 1060 2664 iocu-

58 2685 170 2753 lareml
192 2707 233 2752 ne
255 2687 326 2773 ipse
348 2686 470 2752 incidat
492 2686 528 2751 in
547 2685 735 2770 Diodorum,
758 2685 852 2750 docet
870 2683 1059 2772 Chaldaeos,

57 2794 116 2857 quo
148 2778 246 2860 pacto
276 2796 331 2840 eos
361 2795 518 2860 exponere
547 2776 700 2859 percepta
730 2777 888 2858 oporteat.
934 2773 1059 2850 Quaero

27 2863 149 2947 sonim,
172 2863 202 2928 si
224 2861 380 2928 Chaldaei
401 2863 450 2927 ita
472 2862 662 2947 loquantur,
683 2865 721 2926 ut
743 2862 933 2948 negationes
956 2863 1060 2928 infini-

58 2953 164 3015 tarum
187 2951 447 3016 coniunctionum
469 2950 578 3036 potius
603 2971 700 3034 quam
721 2950 850 3016 infinita
867 2971 988 3018 conexa
1005 2975 1060 3038 po·

56 3043 148 3122 nant,
171 3061 227 3104 eur
249 3038 334 3104 idem
357 3038 481 3120 medici,
504 3059 561 3104 cur
580 3042 774 3124 geometrae,
796 3060 853 3104 cur
875 3041 992 3124 reliqui
1014 3040 1060 3104 fa·

57 3146 125 3190 cere
157 3147 224 3192 non
253 3126 390 3211 possint.
434 3125 578 3191 Medicus
606 3126 642 3190 in
667 3126 795 3212 primis,
827 3128 913 3210 quod
941 3127 1003 3192 erit
1031 3127 1060 3191 ei

56 3218 259 3300 perspectum
286 3215 321 3279 in
344 3219 427 3298 arte,
454 3215 590 3278 nonita
612 3219 785 3300 proponet:
813 3213 863 3279 ‘Si
886 3215 938 3279 cui
959 3236 1060 3278 venae

27 3311 47 3353 ³⁵
59 3301 102 3367 sic
125 3306 305 3386 morentur,
328 3303 356 3366 is
379 3302 479 3367 habet
501 3301 639 3386 febrim',
663 3303 719 3368 sed
740 3303 850 3388 potius
872 3302 932 3367 illo
950 3301 1059 3367 modo:

58 3386 144 3455 ‘Non
175 3394 208 3456 et
238 3411 338 3456 venae
371 3391 416 3456 sic
443 3391 493 3456 cui
519 3394 703 3474 moventur,
735 3395 768 3454 et
794 3391 822 3454 is
850 3389 967 3454 febrim
994 3411 1061 3454 non

56 3475 175 3544 habet?
210 3477 358 3563 Itemque
381 3482 562 3564 geometres
583 3479 715 3544 nonita
733 3478 830 3544 dicet:
854 3477 904 3542 ‘In
923 3477 1060 3562 sphaera

109 3589 164 3634 oro.
177 3591 220 3636 rr.
234 3593 254 3634 s.
816 3585 848 3634 1⁷
