2510 3936
177 160 246 215 LIB.
266 159 300 215 II.
326 158 403 213 CAP.
423 165 466 226 26,
485 165 527 214 Ἡ.
547 165 563 225 5
582 165 696 231 64—69,
719 159 785 214 LIB.
805 161 853 216 III.
871 160 1009 216 ARGUM.
1037 161 1101 227 431

95 303 303 389 sepulchrum
323 303 431 386 altine,
450 325 547 388 quam
566 303 652 388 quod
669 305 802 387 quiaque
814 303 949 372 bomims
963 306 1114 391 quinque,

26 456 30 462 .
94 393 208 458 diebus
233 391 447 476 absolverint,
469 413 528 457 nec
551 414 569 456 e
592 391 700 477 lapide
723 393 857 459 excitari
878 394 953 480 plus
976 417 1035 460 nec
1057 394 1104 460 in·

93 481 186 567 poni,
219 502 318 565 quam
349 481 436 564 quod
463 480 570 566 capiat
597 480 726 546 laudem
753 483 875 548 mortui
901 483 1037 548 incisam
1062 505 1104 548 ne

20 629 26 644 ,
94 571 169 656 plus
193 572 348 655 quattuor
371 569 479 633 herois
502 569 662 654 versibuS,
686 591 767 654 quos
792 570 933 657 ‘longos’
958 572 1104 657 appellat

2 663 16 734 j
66 658 228 723 sEnnius.
273 655 441 722 Habemus
467 657 570 743 igitur
596 657 692 722 huius
721 679 849 743 quoque
877 660 1104 725 auctoritatem

20 803 28 814 ,
95 747 135 812 de
154 745 334 831 sepulchris
353 746 472 810 summi
489 745 560 830 viri,
579 769 598 810 a
617 768 680 830 quo
699 745 778 811 item
791 745 940 812 funerum
954 752 1117 834 sumptus'

95 835 287 922 praefinitur
310 856 349 900 ex
372 833 521 900 censibus
545 857 564 898 a
586 835 684 899 minis
708 835 849 919 quinque
866 857 969 920 usque
988 837 1029 901 ad
1046 837 1104 901 mi·

22 963 26 972 «
95 946 181 990 nam.
218 923 378 1009 Deinceps
402 922 481 988 dicit
504 921 615 987 eadem
637 923 698 987 illa
720 923 759 988 de
781 923 1019 989 inmortalitate
1039 925 1105 990 ani-

8 1067 17 1078 ,
97 1034 224 1078 morum
254 1014 287 1076 et
316 1011 442 1096 reliqua
468 1015 545 1096 post
571 1015 712 1078 mortem
738 1012 979 1096 tranquillitate
1006 1013 1104 1077 bono-

55 1122 82 1163 ιο
96 1123 178 1184 rum,
200 1099 313 1186 poenis
336 1100 519 1186 impiorum.
1123 1118 1157 1167 oa

162 1188 301 1253 Habetis
323 1188 426 1274 igitur
450 1187 646 1272 explicatum
670 1209 807 1274 omnem,
829 1193 866 1254 ut
885 1189 1035 1275 arbitror,
1058 1211 1105 1254 re·

96 1278 256 1363 ligionum
277 1277 394 1343 locum.
440 1281 472 1358 Q.
495 1274 564 1341 Nos
588 1298 674 1363 vero,
696 1276 807 1363 frater,
830 1281 864 1342 et
886 1277 1015 1363 copiose
1038 1278 1105 1362 qui·

14 1399 17 1412 ·
52 1417 54 1424 l
98 1367 185 1451 dem3
208 1366 263 1431 sed
281 1387 381 1452 perge
400 1368 515 1430 cetera.
551 1365 599 1430 M.
617 1363 757 1451 Pergam
776 1365 923 1450 equidem
942 1369 984 1451 et,
1007 1388 1105 1450 quon-

96 1457 163 1521 iam
186 1454 317 1520 libitum
340 1458 391 1519 est
413 1453 507 1519 vobis
530 1475 581 1518 ma
605 1453 646 1518 ad
663 1453 744 1518 haec
761 1453 927 1540 inpellere,
949 1454 1104 1520 hodierno

56 1566 82 1606 15
98 1563 245 1609 sermone
268 1542 449 1626 conficiam,
477 1563 585 1627 spero,
612 1540 675 1608 hoc
696 1542 888 1628 praesertim
916 1541 980 1625 <lie3
1012 1543 1105 1608 video
1170 1589 1178 1606 .

4 1677 8 1688 »
98 1632 184 1698 enim
215 1630 387 1697 Platonem
418 1631 504 1696 idem
535 1629 664 1714 fecisse,
698 1651 891 1714 omnemque
925 1629 1106 1696 orationem

97 1721 166 1787 eius
189 1719 228 1786 de
250 1720 379 1806 legibus
401 1723 588 1806 peroratam
611 1739 681 1784 esse
703 1739 768 1784 nno
796 1718 921 1784 aestivo
948 1717 1007 1784 die.
1053 1715 1107 1785 Sic

96 1808 199 1896 igitur
220 1807 339 1874 faciam
362 1812 395 1873 et
418 1809 522 1874 dicam
545 1806 584 1872 de
606 1806 868 1893 magistratibus
890 1805 925 1870 id
948 1806 1033 1871 enim
1056 1811 1106 1871 est

98 1895 254 1984 profecto,
278 1896 363 1981 quod
387 1898 565 1962 constituta
587 1895 745 1983 religione
763 1893 1015 1981 rempublicam
1034 1917 1106 1960 con-

54 2007 84 2048 so
98 1987 202 2052 tineat
225 1984 372 2051 maxime.
415 1987 490 2052 Ara
513 1983 563 2050 'Pu
585 2005 662 2050 vero
685 1984 736 2051 dic
758 1988 792 2050 et
814 1983 914 2050 istam
936 1984 1106 2068 rationem,

100 2096 197 2161 quam
220 2073 365 2160 coepisti,
387 2077 470 2140 tene.

496 2269 707 2280 -ι--η-ι--σ--ι

348 2411 394 2487 M.
423 2408 584 2482 runnu
610 2409 858 2485 oioaaoms

286 2569 333 2666 D
361 2569 403 2666 E
481 2567 591 2664 LE
619 2567 665 2664 G
691 2569 718 2664 Ι
744 2567 786 2665 Β
812 2569 860 2669 U
887 2565 921 2667 S

418 2744 558 2805 LIBER
586 2744 793 2806 TERTIUS.

459 3007 751 3070 ARGUMENTUM.

174 3141 224 3196 Dis
247 3141 451 3198 immortalibus
475 3141 596 3213 proximi
618 3142 648 3196 et
670 3137 809 3211 dignitate
833 3140 862 3194 et
882 3139 1024 3208 potestate
1043 3141 1109 3197 sunt

102 3213 292 3285 magistratus.
325 3214 423 3282 ltaque
441 3213 595 3268 constituta
611 3211 749 3282 religione
768 3209 864 3264 stetim
884 3209 978 3264 Cicero
996 3209 1032 3264 de
1050 3228 1107 3265 ma·

102 3285 268 3356 gistratibus
287 3284 365 3353 leges
380 3283 478 3338 eodem
491 3284 575 3338 modo
588 3283 731 3355 prooemio
747 3283 776 3337 et
790 3279 975 3351 explicatione
989 3279 1108 3335 adiectis

103 3356 232 3424 subiecit,
252 3354 352 3424 quibus
371 3370 467 3409 eorum
485 3371 595 3424 genera,
614 3353 739 3424 potestas
758 3351 959 3423 imperiumque
974 3349 1108 3404 deliniun-

102 3429 155 3482 tur.
189 3428 232 3481 Ita
255 3427 349 3481 anum
372 3425 513 3495 sapienter
534 3441 552 3480 a
574 3425 725 3480 maioribus
748 3425 810 3479 tota
832 3423 902 3478 haec
920 3419 961 3476 rei
998 3421 1107 3476 ublicae

102 3511 169 3569 pars
188 3497 343 3553 constitute
359 3496 516 3565 videbatur,
534 3498 568 3552 ut
584 3512 641 3552 non
657 3495 777 3551 multum
794 3494 824 3549 in
838 3511 872 3550 ea
884 3440 1045 3550 novicium
1058 3508 1108 3563 pu·
