2490 3950
294 185 361 241 LIB.
381 186 402 242 I.
422 184 497 242 (th.
517 192 629 242 26-28.
649 192 664 252 ἓ
683 193 796 244 73-79.
1003 193 1046 258 29

63 329 184 413 quodam
206 331 412 416 sapientium,
436 352 500 415 quo
522 330 651 396 facilius
674 331 799 398 animos
822 333 1047 418 imperitorum

63 418 242 484 acdeorum
263 419 388 484 cultum
409 441 430 484 a
449 419 535 484 vitae
553 419 715 503 pravitate
733 426 966 508 converterent,
990 428 1047 490 aut

61 507 288 592 superstitione,
318 512 356 572 ut
388 511 496 573 essent
528 507 713 592 simulacra,
746 531 828 593 quac
856 517 1046 580 venerantes

61 594 124 659 deos
143 595 232 680 ipsos
256 617 291 660 se
313 596 402 660 adire
425 595 612 661 crederent?
647 595 817 662 Auxerunt
840 602 950 665 autem
966 601 1047 667 haec

41 683 155 747 sedem
176 688 302 768 potitae,
324 684 474 769 pictores,
497 684 641 768 opifices3
664 687 735 749 erat
757 685 842 751 enim
863 708 929 753 non
951 688 1046 755 facile

59 771 170 856 agentis
198 771 324 856 ahquid
351 775 385 836 et
411 772 575 837 molientis
602 772 679 837 deos
707 773 742 836 in
768 774 907 840 aliarum
928 776 1047 842 forma-
1179 781 1182 788 “

58 880 117 924 rum
143 860 328 926 imitatione
357 881 495 924 seruarc.
539 860 687 925 Accessit
714 860 813 926 etiam
842 862 908 928 ista
937 865 1047 951 opinio

57 945 195 1031 fortasse,
229 948 316 1033 quod
346 947 471 1013 homini
502 948 632 1013 homine
659 949 827 1034 pulchrius
853 951 936 1015 nihil
962 952 1049 1017 vide

58 1033 147 1100 batur.
193 1033 259 1101 Sed
280 1040 317 1101 tu
339 1035 410 1119 hoc,
434 1036 575 1121 physice,
596 1058 664 1102 non
684 1037 785 1121 vides,
808 1059 904 1121 quam
927 1040 1049 1105 blande

29 1139 47 1177 1⁰
57 1124 247 1190 conciliatrix
276 1128 310 1190 et
335 1124 430 1208 qussi
456 1125 506 1189 sui
529 1125 573 1188 sit
595 1125 670 1190 lena
691 1127 831 1190 natura?
875 1126 930 1191 An
950 1130 1048 1212 putas

57 1211 144 1277 ullum
171 1235 246 1278 esse
272 1216 362 1278 terra
387 1213 532 1296 marique
559 1213 703 1297 beluam,
730 1235 812 1297 quae
834 1235 900 1280 non
922 1216 974 1280 sui
995 1237 1048 1302 ge

56 1301 128 1364 ueris
157 1301 259 1367 belua
284 1300 424 1366 maxime
451 1299 649 1366 delectetur?
698 1299 792 1376 Quod
817 1302 853 1368 ni
878 1303 928 1368 ita
954 1307 1048 1389 essct,

57 1409 102 1452 cur
124 1410 189 1455 non
221 1389 356 1474 gestiret
383 1392 496 1453 taurus
523 1411 624 1473 equae
651 1390 919 1475 contrectatione,
947 1413 1047 1477 equus

57 1478 178 1543 sucoso?
227 1477 282 1542 An
308 1480 346 1542 tu
371 1477 515 1560 aquilam
541 1481 599 1542 aut
626 1477 753 1544 leonem
780 1482 837 1545 aut
860 1478 1049 1564 delphinum

32 1564 145 1630 sullam
176 1565 341 1632 anteferre
372 1586 482 1630 censes
512 1566 653 1652 figuram
684 1567 783 1632 suae?
833 1563 917 1640 Quid
947 1567 1049 1654 igitur

57 1653 689 1827 tuluttttlltltthtt
700 1655 1050 1826 {sttttttttzt

856 1790 866 1824 5

58 1850 182 1916 seusam,
207 1851 265 1896 cur
286 1830 363 1895 deos
385 1829 553 1894 hominum
576 1829 692 1894 similis
714 1830 939 1916 putaremus]‘?

110 1917 193 1994 Quid
228 1919 359 1984 censes?
396 1918 425 1983 si
450 1918 536 1984 ratio
568 1921 654 1984 esset
685 1917 720 1984 in
747 1916 867 2002 beluis,
897 1939 965 1985 non
991 1940 1049 1985 suo
1069 1931 1102 1982 '18

35 2017 187 2092 ²⁰quauque
218 2007 328 2093 generi
354 2006 530 2090 plurimum
552 2006 732 2072 tributuras
754 2005 877 2072 fuisse?
917 2006 965 2072 At
986 2009 1102 2076 metu

59 2091 173 2160 hercule
202 2117 264 2181 ego
291 2092 410 2177 (dicam
437 2094 536 2178 enim,
562 2097 600 2158 ut
626 2092 747 2180 sentio)
774 2094 923 2178 quamvis
945 2117 1051 2162 amem

60 2180 116 2264 ipse
145 2206 214 2266 me,
244 2187 355 2248 tarum
380 2204 448 2248 non
474 2183 575 2247 audeo
603 2180 707 2248 dicere
733 2181 952 2266 pulchriorem
980 2205 1050 2250 esse

61 2289 109 2352 ne,
129 2294 228 2356 quam
249 2271 307 2336 ille
328 2270 428 2336 fuerit
445 2274 568 2354 taurus,
591 2270 647 2355 qui
665 2270 753 2336 vexit
766 2269 941 2357 Europam.
974 2270 1051 2337 Non

62 2358 131 2424 euim
153 2361 218 2425 hoc
240 2359 313 2424 loeo
337 2357 375 2422 de
397 2358 536 2444 ingeniis
559 2360 617 2422 aut
639 2357 678 2422 dc
700 2358 902 2424 orationibus
919 2359 1050 2441 nostris,

36 2446 106 2510 used
126 2447 164 2512 de
187 2447 295 2532 specie
316 2447 483 2532 figuraque
506 2446 681 2530 quaeritur.
716 2444 838 2522 Quodsi
855 2446 978 2530 fingere
995 2467 1051 2511 no·

62 2531 102 2596 bis
126 2539 159 2600 et
180 2535 315 2620 iungere
336 2533 459 2599 formas
482 2534 632 2618 velimus,
660 2534 766 2617 qualis
789 2533 846 2596 ille
868 2533 1050 2598 maritimus

63 2617 162 2688 Triton
189 2622 349 2708 pingitur,
375 2621 565 2688 natantibus
587 2620 742 2686 invehens
765 2619 869 2685 beluis
893 2620 1051 2686 adiunctis

62 2705 189 2776 humano
217 2709 357 2795 corpori,
383 2709 469 2775 nolis
493 2731 572 2776 esse.
621 2707 757 2774 Difficili
778 2708 815 2773 in
836 2707 908 2773 loco
931 2729 1051 2774 versor.

65 2791 113 2859 usu
132 2800 218 2864 enim
240 2799 290 2862 vis
313 2801 406 2862 tanta
426 2801 572 2881 naturae,
594 2801 632 2862 ut
653 2796 752 2862 homo
773 2817 869 2861 nemo
891 2796 972 2861 velit
988 2796 1052 2864 nisi

38 2879 189 2951 clusinis
222 2886 337 2950 similis
369 2907 447 2950 esse.
496 2885 541 2950 Et
572 2884 701 2969 quidem
727 2884 864 2950 formica
888 2883 1103 2952 fornicasse

65 2966 114 3034 Seu
138 2979 249 3040 tamen
274 2973 363 3040 cuius
385 2972 548 3039 hominis?
580 2976 698 3056 quotus
722 2972 808 3036 enim
831 2972 966 3058 quisque
987 2973 1051 3040 for·

66 3077 158 3126 nesus
181 3062 253 3128 est?
298 3062 436 3126 Athenis
459 3083 532 3126 cum
555 3082 673 3141 essem,
696 3081 714 3126 e
737 3061 892 3147 gregibus
915 3062 1052 3148 ephebo·

67 3165 124 3213 rum
145 3151 197 3214 vix
221 3148 341 3236 singuli
363 3150 614 3234 reperiebantur.
658 3148 771 3234 Video,
794 3149 871 3233 quid
892 3147 1051 3232 adriseris,

67 3235 111 3299 sed
134 3239 180 3302 ita
207 3242 315 3302 tamen
339 3259 373 3302 se
395 3259 448 3302 res
470 3236 578 3302 habet.
618 3234 742 3302 Deinde
763 3237 874 3319 nobie,
903 3238 957 3318 qui
979 3255 1052 3300 con·

42 3323 237 3402 sedentibus
258 3326 463 3412 philosophis
486 3325 628 3410 antiquis
648 3322 897 3391 adulescentulis
916 3321 1052 3386 delecta·

70 3427 134 3494 mur,
155 3414 250 3479 etiarn
274 3414 355 3480 vitia
377 3436 472 3498 saepe
494 3414 633 3479 iucunda
655 3417 740 3478 sunt.
775 3410 905 3474 Naevus
923 3408 959 3473 in
977 3409 1052 3472 arti·

70 3499 126 3565 culo
145 3501 238 3588 pueri
259 3502 398 3581 delectat
420 3502 585 3566 Alcaeum.
621 3499 668 3564 At
691 3504 741 3563 est
763 3496 907 3580 corporis
926 3495 1052 3559 macule
