2510 3936
162 182 228 247 370
532 177 582 232 on
600 176 822 232 aasentias

161 327 293 391 innnom
318 323 475 390 mendeno
495 321 697 405 pollnernnt?
733 320 822 386 Hcec
846 321 1008 403 qnoniam,
1035 320 1114 386 dnm
1139 322 1174 386 dc
1242 319 1243 376 l

162 413 326 479 Platonico
347 413 413 477 Ere
439 412 607 489 indemne,
635 411 729 474 etiarn
750 410 879 492 enicem
901 409 1053 490 Africani
1075 411 1174 475 nostri

162 501 347 568 somniantis
367 501 525 578 incusant,
646 499 825 564 nantonis
846 498 981 581 arpenti,
1003 502 1034 562 et
1053 497 1175 578 frustra

163 609 295 672 orpnens
316 589 487 670 rcfdiotnr‚
513 593 550 652 nt
573 607 641 653 nno
661 588 821 652 colonnia
844 587 994 652 dissoluto
1015 587 1175 668 ntiinsqn
1243 639 1244 666 ἶ

160 677 280 759 factum
301 677 491 756 incolumen,
512 680 549 741 nt
567 676 621 756 fas
642 681 693 754 est,
715 677 847 741 retineat
866 675 1059 758 diqnitotein.
1088 673 1201 757 (Mo-e

164 767 283 831 erotica
305 770 460 832 comment.
482 765 518 829 in
539 785 636 831 somn.
658 762 740 847 sap.
762 762 789 827 I
805 769 834 828 L
857 767 955 829 8-2.
977 763 1024 848 5.)

230 853 405 938 Sapionen
422 855 525 936 ipsam
542 852 616 919 tneo
628 854 742 918 occasio
755 853 799 916 od
810 852 1008 917 norrendnn
1020 853 1177 918 seinaim

159 944 349 1028 provocavit,
380 943 462 1025 qnod
492 942 581 1026 nno
612 947 743 1024 tenpore
772 960 804 1005 sc
835 945 960 1006 testatus
986 945 1033 1006 est
1056 941 1177 1006 aderitis
1244 969 1245 1022 v

164 1033 340 1099 condidisse.
377 1027 456 1096 Onne
478 1031 560 1096 enin
577 1030 705 1096 Laelius
726 1033 902 1113 qnnnetnr
917 1028 1024 1094 nnllcs
1041 1029 1178 1095 Nasicae
1244 1047 1245 1076 ³

163 1125 283 1186 stotnos
308 1121 344 1186 in
365 1119 489 1203 pedone
515 1120 550 1185 in
578 1117 728 1198 interfecti
750 1118 878 1202 nronni
899 1119 1178 1184 renonernnnan
1190 1133 1216 1174 1⁰

165 1209 292 1287 locatos,
323 1208 479 1290 respondit
499 1205 602 1290 Scipio
623 1211 698 1289 post
722 1205 791 1271 olio
816 1207 853 1272 in
878 1205 953 1271 doec
973 1206 1084 1271 verba·
1116 1204 1178 1271 Sed

165 1317 362 1380 quamquam
381 1294 582 1379 sapientibus
601 1294 799 1360 conscientia
815 1294 888 1380 ipsa
906 1294 1071 1360 factorum
1089 1315 1176 1380 egre

165 1384 294 1469 giorum
326 1383 563 1468 amplissimum
595 1382 727 1448 virtutis
759 1388 810 1448 est
838 1383 1033 1469 praemium,
1065 1386 1176 1448 tamen
1245 1375 1246 1430 l

164 1472 224 1537 illa
247 1471 356 1538 divina
378 1471 482 1536 virtus
505 1493 572 1537 non
592 1475 718 1536 statuas
736 1471 871 1556 plumbo
889 1471 1100 1537 inhaerentes
1116 1493 1176 1536 nec

164 1560 348 1646 triumphos
379 1561 599 1626 arescentibus
626 1559 761 1644 laureis,
794 1560 851 1625 sed
878 1560 1052 1626 stabiliora
1081 1582 1174 1645 quae
1190 1576 1214 1616 1⁵
1246 1582 1247 1656 p

166 1649 240 1714 dam
264 1653 297 1714 et
318 1649 474 1715 viridiora
494 1649 713 1734 praemiorum
737 1670 856 1734 genera
879 1645 1050 1714 desiderat.
1088 1647 1177 1724 Quae
1246 1663 1247 1702 l

164 1739 297 1803 tandem
319 1739 385 1804 ista
408 1741 496 1822 sunt,
518 1737 625 1822 inquit
646 1737 799 1802 Laelius?
836 1735 918 1802 Tum
943 1735 1067 1822 Scipio:
1089 1736 1177 1802 Pati·

166 1827 246 1891 mini
273 1847 337 1912 me,
366 1827 518 1911 quoniam
545 1826 680 1891 tertium
708 1825 793 1889 diem
822 1825 889 1890 iam
915 1825 1027 1890 feriati
1055 1847 1176 1910 sumus,

166 1920 195 1981 et
215 1920 319 1994 cetera
342 1916 452 1997 onitin
473 1915 517 1980 od
536 1915 747 1980 nonotionen
764 1915 878 1980 somnii
894 1916 978 1979 oenit
994 1915 1103 1980 docens
1120 1915 1178 1980 din

165 2022 228 2069 esse
248 2003 410 2068 stabiliora
430 2009 460 2068 et
479 2004 630 2068 viridiore
646 2003 859 2085 proemiorum
873 2023 994 2087 penno,
1017 2005 1216 2086 quaeipsis

165 2092 289 2157 vidisset
310 2093 346 2156 in
366 2091 448 2156 coen
470 2091 557 2158 tonis
577 2111 682 2156 rann
698 2091 899 2173 pcdiicornm
915 2096 1040 2158 sancto
1055 2094 1177 2159 rectori
1247 2099 1248 2110 ¹

166 2179 229 2245 bnis.
265 2179 642 2263 (Maorot.14.2sq.)

129 905 146 955 8

537 2388 801 2457 SOMNIUM.

113 2513 183 2582 9l1)
228 2530 311 2598 Cum
340 2533 376 2598 in
398 2531 545 2598 Africam
566 2532 728 2597 venissem
750 2532 803 2598 Μ’.
825 2531 960 2599 Manilio
984 2533 1112 2599 consuli
1136 2535 1177 2600 ad

131 2591 146 2638 ⁹
167 2625 318 2707 quartam
340 2621 503 2707 legionem
524 2619 688 2704 tribunus,
715 2624 752 2686 ut
776 2620 880 2706 scitis,
908 2621 1064 2707 militum,
1092 2623 1177 2688 nihil

167 2710 248 2776 mihi
277 2709 342 2775 fuit
371 2710 496 2794 potius,
531 2731 629 2793 quam
660 2713 697 2774 ut
727 2707 935 2775 Masinissam
968 2712 1176 2778 convenirem
1191 2726 1215 2766 2⁵

166 2820 286 2883 regern,
311 2798 454 2863 familiae
476 2800 608 2862 nostrae
630 2797 726 2862 iustis
750 2797 913 2863 decausis
933 2799 1178 2865 amicissimum.

167 2884 219 2949 Ad
242 2907 338 2969 quem
360 2886 508 2970 utrem,
535 2887 710 2970 conplexus
733 2907 785 2952 me
809 2908 905 2952 senex
928 2888 1178 2954 conlacrimavit

167 2973 398 3057 aliquantoque
419 2977 497 3059 post
520 2974 664 3058 suspexit
686 2972 727 3039 ad
750 2975 876 3040 caelum
899 2979 945 3040 et:
973 2975 1107 3060 Grates,
1130 2978 1178 3042 in-

168 3060 250 3144 quit,
273 3060 335 3124 tibi
358 3082 435 3146 ago,
459 3084 583 3127 summe
606 3060 671 3145 sol,
693 3061 860 3148 vobisque,
882 3063 1000 3148 reliqui
1023 3063 1176 3148 Caelites,

167 3148 262 3233 quod,
285 3151 360 3214 ante
384 3171 481 3233 quam
504 3172 543 3214 ex
560 3150 622 3216 hac
640 3151 709 3216 vita
728 3151 844 3236 migro,
866 3152 1029 3237 conspicio
1047 3153 1085 3217 in
1102 3177 1175 3219 meo
1190 3170 1217 3209 ³⁰

166 3257 267 3321 regno
290 3240 324 3302 et
346 3236 398 3303 his
416 3238 512 3302 tectis
529 3237 565 3303 P.
584 3237 769 3304 Cornelium
789 3237 980 3326 Scipionem,
1003 3241 1095 3306 cuius
1114 3264 1177 3328 ego

165 3324 296 3388 nomine
318 3325 390 3408 ipso
413 3346 553 3409 recreor3
576 3326 686 3410 itaque
708 3350 885 3411 numquam
908 3351 947 3394 ex
970 3329 1079 3395 animo
1102 3353 1178 3395 meo

167 3411 301 3476 discedit
322 3412 411 3476 illius
435 3413 551 3497 optimi
574 3418 671 3497 etque
693 3415 899 3481 invictissimi
920 3417 984 3483 viri
1006 3419 1177 3483 memoria

166 3496 289 3562 Deinde
312 3519 373 3584 ego
396 3499 490 3563 illum
513 3501 552 3566 de
575 3523 633 3566 suo
657 3524 767 3589 regno,
789 3503 847 3569 ille
870 3527 921 3570 me
945 3505 983 3570 de
1005 3509 1121 3572 nostra
1140 3527 1177 3572 re
