2476 3936
180 185 246 250 320
538 180 826 237 nnaneoanon

180 326 285 415 regali
313 331 346 392 et
373 325 534 411 optumati
561 329 595 390 et
621 325 785 410 populari,
814 325 948 391 confusa
975 325 1099 392 modice
1124 348 1179 391 nec

179 415 339 502 puniendo
363 415 475 479 inritet
498 414 642 480 animum
663 415 827 478 inmanem
849 436 886 479 ac
907 414 1022 496 ferum.
1044 413 1180 497 (Nonius

127 615 161 664 aa
175 527 207 673 li.
225 595 275 673 45]
348 503 417 656 ..).
440 592 596 674 quiaque
625 595 655 656 et
685 589 854 675 sexaginta
886 591 979 654 annis
1012 591 1181 675 antiquior,

181 680 267 764 quod
289 682 359 746 erat
376 697 527 744 xxxvnu
551 683 626 744 ante
643 679 783 763 primam
802 675 1029 764 Olympiadem
1047 679 1181 745 condita.
1202 698 1211 737 ⁵

179 769 225 834 Et
247 767 492 853 antiquissimus
515 767 570 832 ille
582 766 751 854 Lycurgus
775 767 886 832 eadem
908 767 991 832 vidit
1013 767 1093 832 fere.
1123 767 1182 831 Ita·

181 879 242 941 que
269 856 335 922 ista
361 854 576 940 aequabilitas
604 859 702 938 atque
723 854 786 920 hoc
808 854 929 940 triplex
950 877 1062 921 rerum
1084 857 1182 940 publi-

181 967 291 1011 carum
319 965 420 1031 genus
447 943 575 1008 videtur
602 943 683 1008 mihi
710 963 878 1008 commune
904 944 1000 1009 nobis
1024 945 1182 1010 cumillis

181 1033 310 1119 populis
333 1032 442 1097 fuisse.
483 1029 560 1115 Sed,
588 1030 674 1116 quod
695 1031 864 1117 proprium
887 1032 994 1096 estin
1016 1037 1133 1099 nostra
1153 1055 1183 1096 re

181 1122 324 1208 publica,
347 1142 416 1205 quo
443 1119 526 1191 nihil
553 1119 658 1205 possit
685 1139 755 1183 esse
781 1120 995 1204 praeclarius,
1022 1121 1059 1186 id
1085 1139 1213 1208 persen

180 1238 208 1290 p.
222 1213 272 1291 46]
295 1231 384 1292 quar,
407 1208 436 1272 si
453 1212 577 1292 potero,
600 1207 768 1292 subtilius,
791 1208 877 1291 quod
896 1208 958 1273 erit
977 1209 1047 1274 eius
1069 1208 1074 1296 l
1095 1209 1184 1292 modi,

182 1297 265 1362 nihil
283 1301 321 1361 ut
338 1296 404 1361 talc
423 1296 490 1360 ulla
507 1296 541 1360 in
559 1317 594 1361 re
613 1295 743 1381 publica
761 1297 952 1381 reperiatur.
983 1297 1078 1364 Haec
1097 1299 1184 1380 enim,

183 1407 264 1468 quae
288 1383 391 1448 adhuc
414 1383 555 1468 exposui,
578 1384 626 1450 ita
647 1383 750 1449 mixta
771 1384 903 1449 fuerunt
925 1388 959 1450 et
980 1385 1017 1449 in
1035 1387 1100 1453 hac
1117 1387 1184 1452 civi·

181 1476 250 1538 tate
280 1475 313 1537 et
334 1470 370 1536 in
391 1470 719 1537 Lacedaemoniorum
739 1476 775 1536 et
796 1473 832 1536 in
853 1471 1183 1560 Karthaginiensium,

130 1574 164 1623 43
183 1564 220 1626 ut
251 1564 434 1645 temperata
464 1561 555 1625 nullo
584 1560 705 1625 luerint
734 1560 839 1626 modo.
884 1559 973 1626 Nam
998 1563 1036 1627 in
1064 1586 1129 1648 qua
1153 1585 1182 1626 re
1194 1579 1211 1618 1⁵

181 1650 313 1736 publica
340 1653 390 1714 est
417 1668 500 1724 unus
523 1648 641 1733 aliquis
664 1653 820 1735 perpetua
842 1653 1020 1735 potestate,
1048 1674 1182 1738 praeser-

181 1739 243 1803 tim
265 1738 369 1824 regia,
393 1737 540 1822 quamvis
563 1737 598 1802 in
621 1758 659 1802 ea
682 1737 725 1801 sit
748 1740 780 1801 et
804 1743 949 1822 senatus,
971 1743 1008 1804 ut
1033 1744 1108 1805 tum
1127 1739 1183 1804 fuit

182 1827 315 1910 Romae,
338 1848 411 1892 oum
434 1829 526 1890 erant
548 1845 652 1910 reges,
674 1830 712 1890 ut
732 1823 868 1910 Spartae
886 1826 1029 1914 Lycurgi
1053 1829 1182 1916 legibus,

181 1943 209 1995 p.
230 1916 294 1995 145]
322 1918 355 1979 et
381 1917 419 1978 ut
445 1913 489 1978 sit
516 1913 648 1997 aliquod
675 1913 774 1978 etiam
800 1915 915 1999 populi
938 1917 943 2000 Ι
966 1916 1033 2000 ius,
1063 1921 1102 1983 ut
1126 1916 1182 1980 fuit

183 2003 268 2088 apud
285 2007 415 2090 nostros
432 2022 536 2087 reges,
554 2005 667 2066 tamen
683 2001 765 2066 illud
777 2003 907 2068 excellit
920 2004 1049 2090 regium
1063 2026 1181 2086 nomen,
1192 2021 1212 2060 2⁰

182 2113 285 2175 neque
315 2094 424 2175 potest
451 2090 519 2154 eius
546 2090 635 2154 modi
661 2112 713 2155 res
740 2091 871 2175 publica
897 2113 965 2157 non
994 2115 1134 2180 regnum
1153 2097 1181 2157 et

183 2199 253 2260 esse
272 2181 305 2242 et
322 2179 440 2243 vocari.
471 2177 522 2243 Ea
541 2183 650 2243 autom
663 2178 769 2243 forma
783 2179 925 2244 civitatis
939 2183 1110 2248 mutabilis
1124 2204 1182 2246 ma·

182 2267 267 2330 xime
291 2266 447 2335 cathano
470 2266 511 2331 ob
535 2287 680 2352 causam,
703 2266 788 2351 quod
810 2267 905 2332 unius
928 2269 1009 2334 vitio
1033 2269 1181 2356 praecipi-

182 2359 254 2420 tata
269 2353 304 2418 in
317 2354 624 2439 perniciosissimam
636 2359 765 2438 partem
778 2355 933 2422 facillime
947 2357 1075 2424 decidit.
1102 2358 1181 2423 Nam

182 2444 290 2529 ipsum
318 2442 428 2528 regala
457 2463 558 2527 genus
589 2442 731 2508 civitatis
758 2465 823 2510 non
850 2445 946 2510 modo
972 2465 1041 2511 non
1068 2451 1120 2512 est
1141 2460 1210 2510 ren

182 2561 209 2612 p.
226 2533 291 2612 146]
310 2530 579 2616 prehendendum,
603 2531 659 2596 sed
680 2531 768 2596 haud
786 2531 854 2598 scio
872 2555 914 2597 an
931 2534 1067 2618 reliquis
1087 2537 1093 2618 Ι
1113 2535 1181 2599 sim-

182 2620 321 2705 plicibus
343 2619 441 2704 longe
460 2619 728 2704 anteponendum,
751 2620 780 2684 si
798 2621 901 2687 ullum
919 2623 1096 2706 probarem
1115 2623 1180 2696 sim·

182 2709 257 2792 plex
279 2707 327 2772 rei
348 2706 498 2792 publicae
522 2727 637 2793 genus,
659 2707 716 2773 sed
738 2708 795 2793 ita,
818 2709 924 2793 quoad
946 2713 1071 2776 statum
1094 2731 1180 2776 suum

183 2796 309 2860 retinet.
345 2793 379 2858 Is
403 2798 453 2860 est
476 2798 589 2861 autem
607 2799 722 2882 status,
744 2801 781 2862 ut
804 2797 898 2868 unius
920 2803 1079 2884 perpetua
1099 2803 1180 2886 potc-

184 2887 269 2948 state
297 2886 331 2947 et
357 2883 484 2948 iustitia
511 2883 661 2968 omnique
689 2885 850 2970 sapientia
876 2891 1009 2972 regatur
1036 2889 1126 2954 salus
1152 2888 1207 2950 aa

184 2970 398 3055 aequabilitas
425 2975 457 3035 et
480 2972 584 3037 otium
606 2972 732 3037 civium.
777 2972 903 3039 Desunt
926 2975 1056 3041 omnino
1080 2975 1111 3040 ei
1131 2995 1178 3060 po

182 3059 260 3145 pulo
287 3060 405 3141 multa,
432 3060 487 3141 qui
512 3059 573 3124 sub
596 3081 673 3146 rege
696 3064 759 3146 est,
786 3061 820 3126 in
843 3061 1019 3148 primisque
1041 3063 1179 3142 libertas,

185 3169 266 3299 qupe
287 3168 355 3212 non
376 3146 411 3210 in
433 3168 472 3211 eo
495 3151 558 3231 est,
584 3152 622 3212 ut
644 3149 730 3214 iusto
754 3153 883 3216 utamur
906 3150 1049 3235 domino,
1071 3152 1127 3218 sed
1147 3153 1179 3214 ut

183 3256 228 3299 nu
242 3236 285 3301 lo.
300 3285 307 3299 .
323 3283 352 3300 ..

427 3320 667 3401 [Desidaaatm
681 3327 819 3408 popinae
840 3329 945 3408 duaa]

131 3386 176 3510 {24
185 3435 213 3486 p.
225 3409 272 3488 1⁶]
337 3407 573 3508 .5..ferebant
595 3410 727 3478 Etenim
744 3413 795 3478 illi
807 3415 929 3481 iniusto
943 3416 1072 3482 domino
1087 3419 1207 3498 atque³⁵

186 3494 302 3559 acerbo
321 3494 464 3576 aliquam
480 3495 534 3560 diu
552 3496 587 3560 in
603 3499 700 3563 rebus
718 3503 870 3586 gerundis
888 3525 1043 3589 prospera
1055 3503 1177 3569 fortuna
