2476 3936
185 189 251 255 334
539 183 588 238 ns
606 180 834 237 marcemus

184 337 255 405 bus.
290 331 398 398 Pluris
421 351 498 396 vero
520 329 601 394 haec
624 328 701 394 tulit
723 347 794 392 una
816 327 944 410 civitas,
967 325 1125 391 siminus
1147 346 1189 388 aa·

183 423 318 511 pientia,
345 419 499 505 quoniam
525 417 559 482 id
584 437 703 482 nomen
728 414 784 479 illi
812 419 880 481 tam
902 415 1053 480 restricte
1076 415 1189 493 tenent,

185 518 221 579 et
252 514 338 577 certe
370 529 497 573 summa
526 505 622 570 laude
651 505 785 590 dignos,
818 505 971 589 quoniam
1000 502 1190 587 sapientium

184 600 358 687 praecepta
388 600 422 660 et
449 596 583 659 invente
609 595 790 659 coluerunt
835 591 946 676 Atque
973 592 1089 676 etiam,
1119 594 1190 675 quot

184 690 271 770 par]
291 691 325 752 et
346 688 423 751 sunt
445 683 625 748 laudandae
648 681 800 747 civitates
818 685 852 746 et
869 680 1009 762 fuerunt,
1033 676 1219 766 quolniams

183 777 218 844 id
240 775 347 842 estin
369 793 478 838 rerum
500 776 619 836 natura
641 771 738 856 longe
760 768 898 834 maximi
919 768 1058 851 consilii,
1082 768 1192 833 consti·

185 871 276 932 tuere
304 885 375 928 eam
402 882 471 925 rem
499 859 678 944 publicam,
706 879 790 942 quae
813 858 919 943 possit
943 877 1013 922 esse
1036 857 1192 938 diuturna

185 955 214 1020 si
236 952 384 1039 singulos
406 947 611 1014 numeremus
635 947 671 1011 in
692 947 849 1030 singulas,
873 950 996 1031 quanta
1019 945 1088 1010 iam
1110 967 1191 1030 repe

184 1043 289 1108 riatur
320 1039 464 1105 virorum
497 1035 725 1101 excellentium
755 1035 948 1100 multitudo!
986 1033 1111 1110 Quodsi
1141 1037 1191 1098 aut

184 1130 300 1196 Italiae
330 1126 463 1192 Latium
500 1128 558 1189 aut
589 1123 731 1188 eiusdem
763 1119 920 1189 Sabinam
952 1125 1011 1188 aut
1042 1121 1191 1187 Volscam
1202 1137 1220 1176 1⁰

185 1219 330 1306 gentem,
357 1216 386 1279 si
408 1212 591 1295 Samnium,
618 1213 647 1275 si
668 1211 850 1294 Etruriam,
874 1212 903 1276 si
925 1232 1084 1296 magnam
1106 1211 1191 1275 illam

185 1305 355 1371 Graeciam
377 1302 580 1367 conlustrare
598 1300 706 1365 animo
725 1300 934 1384 voluerimus,
957 1300 986 1363 si
1004 1298 1121 1364 deinde
1138 1299 1191 1363 As·
1228 1319 1229 1342 r

185 1394 299 1479 syrios,
321 1391 350 1456 si
371 1389 498 1472 Persas,
520 1390 550 1452 si
571 1388 708 1472 Poenos,
731 1389 760 1452 si
781 1387 877 1455 haec.
913 1438 944 1453 ..

390 1529 631 1612 [Desideroutur
647 1531 785 1614 popinae
807 1531 987 1612 duodecim]

145 1629 211 1755 {a
227 1661 275 1740 21]
350 1654 505 1721 ....cati.
545 1651 596 1718 Et
622 1652 750 1717 Philus:
781 1652 990 1718 Praeclaram
1020 1675 1099 1718 vero
1125 1675 1189 1719 cau·

185 1769 254 1814 sam
278 1746 319 1811 ad
341 1766 394 1810 me
412 1741 555 1827 defertis,
577 1764 651 1806 cum
669 1763 720 1805 me
738 1741 961 1826 improbitatis
979 1742 1218 1826 patrocinium1⁵

185 1836 348 1919 suscipere
369 1831 478 1936 voltis.
506 1829 619 1933 ,Aqul
641 1829 675 1894 id
696 1829 771 1913 tibi,
783 1829 902 1933 iuquit
923 1829 1066 1931 Iqaelius,
1086 1851 1188 1932 raren-

184 1925 268 2094 tt,
284 1926 347 2077 ἵζ’
371 1919 1039 2090 {30⁰ttttttlltlttsst,tttt
1053 1919 1125 2093 {¹50¹
1146 1941 1188 2071 {i

185 2100 279 2185 quasi
305 2098 437 2163 unicum
464 2095 648 2179 exemplum
675 2095 827 2179 antiquae
856 2095 1033 2180 probitatis
1062 2101 1096 2162 et
1121 2095 1188 2160 fidei

184 2208 288 2291 neque
316 2186 360 2287 sit
386 2185 502 2270 ignota
522 2182 726 2286 'consuetudo
748 2187 806 2248 tua
828 2184 1010 2284 contrarias
1034 2184 1070 2248 in
1091 2184 1228 2270 pertiso

184 2272 504 2446 lltttattt
519 2271 898 2444 tttllffitt‘?
913 2278 1187 2446 gttttcttl

184 2453 279 2519 vobis
298 2455 331 2516 et
349 2471 400 2516 me
419 2448 564 2514 oblinam
583 2448 701 2531 sciens3
723 2447 809 2532 quod
827 2449 990 2533 quoniam,
1008 2450 1065 2533 qui
1081 2471 1188 2514 aurum

186 2544 354 2628 quaerunt,
376 2559 443 2603 non
459 2539 578 2622 putant
596 2535 660 2601 sibi
677 2536 897 2621 recusandum,
921 2557 991 2621 uos,
1014 2559 1089 2602 cum
1106 2537 1188 2604 iusti·

185 2632 266 2696 tiam
291 2645 492 2714 quaeramus,
514 2646 584 2688 rem
607 2624 711 2689 multo
730 2625 818 2689 omni
837 2647 916 2690 auro
935 2625 1104 2710 cariorem,
1126 2627 1214 2691 nul-2⁵

185 2720 253 2784 lam
280 2715 427 2802 profecto
455 2713 640 2778 molestiam
666 2711 779 2798 fugere
802 2713 964 2779 debemus.
1002 2713 1114 2798 Atque
1134 2714 1187 2780 uti·

185 2829 275 2889 nam,
306 2826 401 2890 quem
431 2801 631 2867 admodum
658 2801 805 2866 oratione
833 2823 904 2866 sum
931 2823 1050 2866 usurus
1080 2803 1187 2884 aliena

187 2894 233 2958 sio
256 2893 337 2956 mihi
359 2913 414 2956 ore
437 2888 487 2954 uti
508 2889 620 2954 liceret
643 2889 762 2954 alieno!
794 2888 889 2955 Nunc
911 2911 949 2955 ea
967 2890 1103 2956 dicenda
1120 2895 1187 2956 sunt

186 2981 222 3046 L.
251 2978 349 3044 Furio
379 2977 489 3060 Philo,
522 2999 604 3062 quae
634 2975 829 3062 Carneades,
861 2977 1003 3044 Graecus
1033 2979 1132 3045 homo
1159 2982 1187 3042 et

187 3070 368 3149 consuetus,
391 3065 477 3149 quod
499 3065 703 3131 commodum
726 3070 820 3150 esset,
843 3067 965 3132 verbis.
980 3117 987 3131 .
1003 3117 1032 3133 ..
1197 3076 1214 3117 θ·

342 3205 538 3288 [Desiderari
559 3207 700 3272 rideatur
715 3208 853 3290 popinae
874 3211 1041 3290 qrmttuoa]

153 3343 169 3392 a
255 3330 303 3395 M.
324 3329 447 3394 Tullius
469 3330 506 3393 de
527 3349 561 3393 ra
576 3330 663 3410 publ.
687 3330 736 3396 lu.
749 3331 808 3394 II:
830 3333 868 3394 ut
887 3327 1046 3396 Carneadi
1065 3353 1184 3417 respon·

188 3418 302 3500 deatis,
325 3417 380 3500 qui
403 3436 500 3498 saepe
522 3416 663 3499 optimas
687 3439 800 3482 causas
823 3417 945 3504 ingenii
969 3420 1130 3486 calumnia
1145 3420 1185 3482 lu·

188 3504 313 3569 dificari
334 3504 427 3568 solet.
462 3501 603 3585 (Nouius
619 3525 653 3585 p.
675 3509 749 3570 263.
771 3505 837 3585 14.)

1226 3641 1227 3690 l
