2476 3936
15 103 20 172 l

290 181 815 250 L13.11.0AP.10-1s.51s-25.
984 185 1104 258 313,
1222 179 1223 188 ’

62 346 116 408 qua
137 324 301 391 civitatem
323 328 485 392 extrueret
508 326 670 393 arbitratu
689 349 757 412 suo,
779 329 978 413 praeclaram
996 329 1051 394 ille

62 412 179 496 quidem
200 413 350 498 fortasse,
373 414 430 479 sed
453 436 472 479 a
494 415 564 480 vita
586 414 754 481 hominum
772 416 1000 482 abhorrentem
1018 422 1052 482 et

60 502 202 586 moribus,
220 501 337 586 reliqui
356 502 575 568 disseruerunt
593 503 662 568 sine
681 505 748 570 ullo
768 507 856 570 certo
876 506 1052 590 exemplari
1070 521 1104 570 22
1222 563 1223 566 ,

59 587 216 674 formaque
243 590 290 656 rei
316 590 466 676 publicae
494 591 532 656 de
558 592 729 677 generibus
753 592 848 658 etde
870 593 1052 660 rationibus

40 677 233 762 scisitatum3
264 682 301 743 tu
332 679 413 744 mihi
444 679 563 744 videris
595 683 768 764 utrumque
796 681 955 766 facturus3
987 703 1021 746 es
1047 679 1051 768 l

60 765 134 830 enim
156 767 205 831 ita
227 767 406 852 ingressus,
428 770 479 850 ut,
502 789 585 852 quae
607 768 677 852 ipse
700 769 856 853 reperias,
878 770 935 834 tri·
958 773 999 850 [p.
1018 787 1052 835 82

59 852 145 919 buere
173 854 247 920 aliis
274 855 370 920 malis
398 877 509 939 quarn,
536 859 573 922 ut
593 856 673 922 facit
696 857 782 942 apud
803 855 975 922 Platonem
998 855 1054 923 So-

59 947 166 1027 crates,
195 943 264 1028 ipse
291 943 413 1030 fingere
441 947 474 1008 et
500 944 559 1009 illa
587 943 625 1009 de
652 943 743 1009 urbis
771 944 836 1009 situ
859 966 989 1012 revoces
1013 945 1054 1012 ad

58 1031 221 1115 rationem,
248 1053 330 1116 quae
357 1053 377 1096 a
399 1029 539 1098 Romulo
568 1053 644 1097 casu
673 1035 730 1098 aut
751 1034 944 1099 necessitate
965 1032 1054 1100 facta

31 1123 138 1204 nsunt,
166 1123 201 1184 et
223 1119 367 1204 disputes
389 1142 459 1185 non
478 1121 614 1206 vaganti
636 1121 791 1204 oratione,
814 1121 870 1186 sed
885 1121 997 1196 defixa
1018 1123 1055 1187 in

58 1227 112 1272 una
128 1229 163 1272 re
182 1208 321 1292 publica.
354 1207 460 1283 Quare
477 1229 586 1295 perge,
603 1212 641 1275 ut
658 1209 846 1294 instituisti3
869 1205 1053 1296 prospicere

58 1295 133 1370 enirn
158 1296 225 1362 iarn
254 1296 365 1361 videor
386 1300 421 1361 te
443 1297 585 1380 reliquos
607 1318 700 1383 reges
723 1302 937 1383 persequente
959 1298 1055 1383 quasi

57 1381 225 1466 perfectam
248 1406 317 1448 rem
338 1384 512 1469 publicam.

113 1471 218 1560 Ergo,
245 1472 351 1556 inquit
373 1470 495 1558 Scipio,
518 1495 590 1540 cum
612 1473 670 1538 ille'
690 1473 695 1557 Ι
715 1473 847 1541 Romuli
870 1495 917 1540 se·
939 1475 981 1556 [p.
1000 1457 1106 1541 28112

31 1578 47 1617 1⁵
57 1563 156 1646 natus,
180 1560 238 1645 qui
259 1561 432 1626 constabat
454 1583 493 1626 ex
516 1561 743 1647 optimatibus,
766 1563 882 1646 quibus
904 1563 974 1649 ipse
997 1585 1053 1628 rex
1072 1535 1106 1584 23

57 1649 176 1715 tantum
203 1649 387 1733 tribuisset,
413 1652 451 1713 ut
478 1669 533 1716 eos
560 1653 670 1734 patres
693 1651 793 1715 vellet
815 1649 977 1716 nominari
998 1673 1053 1736 pa-

57 1737 224 1822 triciosque
251 1759 362 1802 eorum
390 1737 524 1822 liberos,
551 1741 727 1822 temptaret
750 1742 826 1824 post
848 1737 981 1803 Romuli
1003 1760 1054 1802 ex-

56 1845 189 1910 cessum,
215 1829 252 1891 ut
273 1825 345 1911 ipse
367 1829 494 1911 regeret
517 1825 586 1891 sine
607 1847 684 1912 rege
707 1846 776 1890 rem
799 1825 977 1912 publicam,
999 1848 1054 1912 po·

56 1915 142 1995 pulns
164 1913 202 1979 id
222 1935 290 1980 non
311 1913 389 1978 tulit
412 1913 632 2000 desiderioque
650 1912 782 1980 Romuli
805 1918 920 1999 postea
943 1935 1054 2000 regem

28 2000 200 2089 nllagitare
230 2023 297 2068 non
328 2001 468 2086 destitit3
500 2024 574 2067 cum
605 2002 782 2086 prudenter
811 1998 862 2067 illi
892 2002 1055 2088 principes

54 2111 166 2157 novam
200 2095 233 2156 et
263 2090 443 2156 inauditam
474 2091 589 2156 ceteris
621 2090 773 2176 gentibus
802 2090 980 2176 interregni
1006 2090 1055 2155 in·

57 2179 143 2244 eundi
166 2178 329 2245 rationem
352 2173 633 2264 excogiltavenmt,
656 2182 702 2263 ut,
726 2179 832 2262 quoad
854 2201 917 2245 ccr-
941 2181 982 2260 [p.
1002 2195 1053 2244 aaa
1152 2183 1154 2186 ’

55 2269 101 2331 tus
131 2289 191 2334 rex
224 2266 405 2332 declaratus
438 2270 536 2350 esset,
567 2288 626 2332 nec
656 2267 725 2331 sine
751 2286 827 2354 rege
854 2267 970 2332 civitas
996 2288 1055 2332 nec

56 2353 203 2436 diuturno
230 2375 306 2440 rege
333 2359 419 2421 esset
445 2376 509 2419 uno
532 2375 592 2420 nec
613 2354 883 2438 committeretur,
910 2359 948 2418 ut
971 2355 1056 2438 quis·

27 2461 146 2526 uquam
174 2444 357 2508 inveterata
383 2446 546 2528 potestate
569 2445 626 2507 aut
649 2442 690 2507 ad
712 2442 935 2528 deponendum
956 2441 1056 2526 impe

56 2531 134 2598 rium
155 2531 283 2598 tardior
305 2534 391 2597 esset
414 2534 470 2596 aut
493 2531 534 2595 ad
557 2530 767 2616 optinendum
785 2529 948 2596 munitior.
984 2528 1054 2605 Quo
1074 2543 1108 2592 24

55 2621 181 2702 quidem
213 2623 359 2705 tempore
390 2640 493 2684 novus
520 2618 576 2684 ille
603 2619 743 2704 populus
769 2618 851 2683 vidit
877 2622 988 2682 tamen
1013 2617 1056 2702 id,

56 2710 135 2790 quod
156 2708 246 2794 fugit
263 2707 552 2773 Lacedaemonium
568 2706 762 2793 Lycurgum,
785 2707 841 2790 qui
862 2727 973 2792 regem
990 2727 1057 2772 non

54 2796 256 2884 deligendum
280 2796 380 2879 duxit,
403 2794 549 2860 simodo
572 2795 634 2860 hoc
655 2795 691 2859 in
708 2793 848 2880 Lycurgi
870 2791 1054 2882 potestate}

25 2887 159 2967 aporuit
180 2905 260 2969 esse,
283 2884 339 2949 sed
358 2884 551 2966 habendum,
570 2883 813 2968 qualiscumque
830 2883 859 2948 is
876 2882 924 2948 fo·
943 2885 984 2964 [p.
1004 2897 1057 2950 283

54 2977 108 3058 ret,
132 2973 191 3058 qni
213 2972 309 3039 modo
332 2977 419 3038 esset
440 2971 590 3038 Herculis
615 2971 716 3056 stirpe
740 2975 925 3057 generatus3
952 2973 1058 3037 nostri

54 3059 100 3125 illi
125 3062 228 3128 etiam
251 3065 322 3126 tum
350 3065 496 3148 agrestes
518 3059 668 3126 viderunt
694 3059 849 3126 virtutem
877 3065 911 3125 et
934 3061 1059 3144 sapien·

55 3149 131 3216 tiam
155 3150 311 3236 regalem,
333 3171 400 3214 non
420 3149 609 3235 progeniem
633 3149 743 3232 quaeri
766 3152 924 3234 oportere.

116 3238 243 3316 Quibus
265 3261 339 3304 cum
361 3259 431 3302 esse
454 3240 674 3321 praestantem
697 3235 838 3301 Numam
860 3235 1056 3320 Pompilium
1069 3205 1111 3330 12}

24 3323 139 3393 alama
166 3327 281 3411 ferret,
308 3325 546 3411 praetermissis
574 3325 640 3390 suis
667 3324 791 3390 civibus
814 3343 924 3408 regem
948 3323 1057 3387 alieni-

55 3437 171 3500 genam
199 3415 348 3501 patribus
371 3413 557 3480 auctoribus
581 3413 643 3477 sibi
666 3413 736 3496 ipse
758 3412 897 3496 populus
922 3411 1057 3476 adscivit

54 3525 192 3588 eumque
223 3503 263 3567 ad
296 3502 497 3588 regnandum
526 3500 532 3584 Ι
559 3499 715 3566 Sabinum
746 3499 909 3564 hominem
941 3501 982 3580 [p.
1006 3513 1058 3562 284
