2510 3936
326 174 393 232 ΜΒ,
412 175 458 232 VL
484 176 560 231 CAP.
579 183 692 231 21-26.
711 181 726 244 e
745 180 858 230 23-28.
1028 175 1092 240 377

153 315 243 393 Quae
265 341 339 384 cum
358 318 499 404 dixisset,
522 317 594 405 Ego
613 341 700 404 vero,
723 319 864 405 inquam,
888 300 1146 426 Africanafflglg)

83 406 247 491 siquidem
268 407 351 471 beno
374 407 499 471 meritis
523 407 561 471 de
583 407 692 492 petria
715 409 808 492 quasi
830 409 924 474 limes
948 409 989 475 ad
1012 410 1093 475 caeli

83 496 212 562 aditum
230 498 331 580 patet,
350 516 547 580 quamquam
566 518 586 561 a
602 496 743 580 pueritia
761 497 908 584 vestigiis
927 497 1093 584 ingressus

81 584 191 670 patrie
221 587 254 647 et
283 583 349 648 tuis
379 584 486 649 decori
513 587 622 648 vestro
648 606 715 649 non
742 585 841 670 defui,
872 608 957 651 nunc
984 589 1095 652 tamen

55 677 181 738 etanto
209 671 353 757 praemio
382 672 529 757 exposito
553 673 657 737 enitar
680 674 783 739 multo
805 674 1005 760 vigilantius.
1050 674 1095 741 Et

82 763 157 827 illc:
181 759 231 825 Tu
252 782 330 826 vero
354 761 474 825 enitere
498 765 530 825 et
554 761 599 828 sic
621 761 751 845 habeto,
773 784 839 827 non
861 784 932 827 esse
954 768 988 828 te
1011 786 1094 829 mor-

82 851 197 932 talem,
219 848 276 914 aed
295 869 411 934 corpus
430 849 505 933 hoc;
527 871 586 914 neo
605 850 691 914 enim
709 853 746 914 tu
764 850 793 914 ie
811 872 856 934 ce,
875 873 970 934 quem
987 851 1095 916 forma

82 939 152 1004 ista
175 938 331 1021 declarat,
360 937 416 1003 sed
438 959 529 1003 mens
553 937 705 1022 cuiusque
727 939 755 1003 is
779 942 830 1003 eet
852 939 1001 1023 quisque,
1028 961 1095 1005 non

83 1050 123 1093 ea
151 1026 271 1112 figura,
299 1047 381 1109 quae
404 1026 508 1112 digito
532 1025 748 1091 demonstrari
769 1030 887 1111 potest.
932 1025 1038 1092 Deum
1060 1032 1095 1093 te

44 1136 70 1176 ιο
83 1115 189 1202 igitur
216 1114 297 1180 scito
326 1135 408 1198 esse,
439 1114 597 1199 siquidem
624 1119 675 1179 est
702 1115 792 1200 deus,
823 1115 879 1200 qui
905 1115 1009 1201 viget,
1039 1117 1095 1201 qui

84 1203 200 1287 sentit,
231 1202 286 1287 qui
312 1203 473 1286 meminit,
501 1203 557 1286 qui
583 1203 746 1288 providet,
774 1203 829 1287 qui
856 1208 925 1269 tarn
952 1205 1039 1290 regit
1061 1208 1095 1269 et

83 1292 274 1358 moderatur
303 1295 336 1356 et
365 1295 475 1356 movet
503 1291 536 1354 id
564 1313 694 1376 corpus,
724 1292 775 1357 cui
802 1291 1007 1377 praepositus
1036 1298 1095 1378 eet,

84 1403 186 1466 quam
212 1379 298 1445 hune
324 1379 479 1445 mundum
505 1379 562 1444 ille
588 1380 739 1465 princepe
767 1379 858 1464 deus,
886 1385 920 1445 ot
945 1385 982 1446 ut
1006 1404 1095 1448 mun-

85 1471 165 1535 dum
193 1490 231 1532 ex
259 1468 398 1552 quedam
424 1471 518 1553 parte
546 1469 719 1534 mortalem
741 1468 811 1553 ipse
835 1469 912 1533 deus
936 1474 1095 1554 aeternna,

41 1565 71 1618 '15
86 1559 133 1624 sio
156 1556 275 1644 fragile
298 1578 414 1641 corpus
438 1557 564 1622 enimus
588 1556 803 1641 sempiternus
827 1561 945 1622 movet.

154 1645 241 1711 Nam
268 1645 354 1730 quod
382 1667 508 1729 semper
536 1649 696 1729 movetur,
725 1649 892 1710 aeternum
919 1649 982 1727 est3
1010 1620 1148 1746 questi?

86 1738 198 1801 autem
225 1738 350 1799 motum
377 1733 483 1798 adfert
511 1732 621 1817 alicui,
650 1733 797 1817 quodque
819 1734 927 1817 ipsum
950 1733 1095 1819 agitatur
1140 1767 1145 1772 ·

86 1822 228 1906 aliunde,
251 1822 377 1906 quando
400 1823 498 1887 finem
518 1821 619 1886 habet
637 1825 754 1906 metue,
778 1821 907 1886 vivendi
924 1823 1022 1886 finem
1039 1822 1096 1887 ha-

85 1914 165 1977 beat
196 1932 326 1975 necesse
358 1914 417 1975 cst.
465 1908 578 1975 Solum
609 1909 725 1995 igitur,
758 1910 845 1993 quod
877 1932 946 1974 sese
977 1914 1096 1994 movet,

48 2000 166 2085 aquia
192 2019 370 2084 numquam
398 1999 556 2063 deseritur
584 2021 604 2063 a
631 2019 678 2082 se,
705 2020 883 2082 numquam
909 2019 950 2062 ne
973 1999 1097 2064 moveri

87 2088 218 2174 quidem
251 2087 382 2172 desinit,
415 2087 493 2170 quin
520 2087 619 2151 etiam
647 2087 775 2170 caterio,
807 2109 889 2170 quae
916 2090 1097 2166 moventur,

85 2178 141 2242 hic
158 2176 241 2260 fons,
258 2175 321 2240 hoc
339 2174 532 2260 principium
551 2177 601 2238 est
619 2174 778 2240 movendi.
810 2174 966 2259 Principii
986 2179 1095 2240 autem

86 2265 181 2331 nulla
213 2267 263 2330 eet
296 2263 402 2349 origo,
433 2284 508 2326 nam
542 2284 580 2326 ex
611 2263 770 2347 principio
801 2264 950 2328 oriuntur
979 2264 1097 2347 omnia,

87 2355 198 2438 ipsum
221 2356 329 2416 autem
352 2351 444 2416 nulla
466 2373 505 2414 ex
527 2372 562 2414 re
586 2351 652 2415 alia
672 2351 763 2415 nasci
785 2355 908 2435 potest,
930 2373 989 2416 nec
1011 2353 1098 2416 enim

50 2460 75 2500 ee
89 2446 177 2506 esset
200 2440 234 2505 id
255 2440 463 2525 principium,
491 2437 577 2521 quod
600 2439 790 2524 gigneretur
813 2439 955 2522 aliunde3
983 2439 1099 2523 quodsi

88 2550 267 2614 numquam
296 2529 412 2612 oritur,
438 2548 479 2590 ne
508 2526 624 2593 occidit
652 2527 781 2610 quidem
803 2548 966 2609 umquam.
1011 2525 1098 2591 Nam

88 2617 284 2702 principium
311 2617 507 2682 exstinctum
533 2637 592 2680 nec
619 2615 727 2699 ipsum
754 2615 795 2679 ab
824 2615 889 2679 alio
912 2618 1121 2680 renascetur·

89 2728 150 2772 nec
168 2728 207 2770 ex
225 2727 259 2771 ee
274 2705 362 2770 aliud
376 2704 508 2788 creabit,
527 2703 684 2787 siquidem
697 2725 827 2768 necesse
841 2706 892 2767 est
905 2725 925 2766 a
938 2701 1098 2787 principio

90 2795 171 2861 oriri
194 2794 310 2858 omnia.
354 2792 408 2858 Ita
434 2793 485 2876 fit,
513 2795 550 2856 ut
573 2796 681 2856 motus
703 2791 899 2876 principium
922 2812 962 2855 ex
984 2812 1022 2856 eo
1046 2790 1099 2873 sit,

52 2900 76 2941 eo
91 2882 178 2967 quod
200 2882 307 2966 ipsum
331 2904 351 2946 a
374 2903 408 2946 se
431 2883 594 2964 movetur3
616 2879 650 2943 id
672 2883 781 2945 autem
803 2901 862 2945 nee
879 2878 970 2944 nasci
987 2882 1099 2964 potest

89 2993 150 3036 neo
173 2971 270 3052 mori,
292 2971 345 3034 vel
368 2968 517 3035 concidat
537 2989 631 3034 omne
650 2968 775 3034 caelum
794 2968 963 3052 omnisque
980 2971 1099 3032 natura

91 3064 124 3124 et
155 3058 314 3136 consistat
341 3079 472 3124 necesse
500 3059 550 3121 eet
576 3078 635 3122 nec
661 3056 728 3121 vim
755 3057 858 3121 ullam
885 3056 1100 3139 nanciscatur,

91 3170 157 3233 qua
180 3169 199 3211 a
221 3147 326 3232 primo
350 3146 480 3231 inpulsa
503 3148 680 3210 moveatur.

159 3233 242 3300 Cum
264 3238 376 3320 pateat
398 3233 500 3320 igitur
524 3237 690 3298 aeternum
711 3232 745 3296 id
768 3253 848 3315 esse,
871 3209 1153 3334 (111οά111126(ἓέ

53 3341 77 3382 ³5
91 3325 164 3410 ipso
183 3327 361 3406 moveatur,
380 3323 452 3407 quis
470 3325 530 3405 est,
549 3322 604 3406 qui
622 3320 706 3386 hanc
723 3324 875 3386 naturam
893 3319 1008 3384 animis
1028 3339 1099 3383 esse

92 3413 253 3477 tributam
266 3413 385 3496 neget?
416 3409 601 3475 Inanimum
616 3413 665 3474 est
680 3409 765 3472 enim
779 3429 884 3491 omne,
898 3407 989 3491 quod
1002 3407 1101 3492 pulsu

94 3502 240 3588 agitatur
272 3504 417 3584 externo,
450 3498 535 3583 quod
567 3500 676 3563 autem
703 3500 753 3562 eet
781 3496 916 3581 animal,
947 3494 981 3559 id
1008 3497 1100 3561 motu
