2478 3936
193 196 236 262 68
502 193 550 248 ns
569 193 719 250 uiuum
736 193 891 250 necnon

193 344 271 406 tum.
318 337 401 414 Quid
423 337 524 423 Opis?
548 336 625 422 quid
647 335 791 402 Salutis?
815 337 892 422 qnid
915 335 1127 423 Concordiae,
1152 339 1214 404 Li-

193 427 344 511 bertatis,
372 425 558 492 Victoriae?
587 448 723 510 quarum
750 427 894 492 omnium
916 448 1025 491 rerum
1049 427 1129 510 quia
1153 429 1213 494 vis

194 520 264 582 erat
287 518 448 598 tentant
472 515 540 578 sine
563 514 622 578 deo
645 513 716 599 regi
738 533 804 579 non
821 517 940 598 posset,
963 515 1037 598 ipsa
1055 536 1110 579 res
1130 517 1214 582 dee

194 626 265 670 rum
296 624 415 669 nomen
447 601 596 668 obtinuit.
647 601 716 677 Quo
749 623 788 666 ex
819 623 935 687 genere
963 600 1136 687 Cupidinis
1175 610 1213 670 et

194 691 384 778 Voluptatis
408 694 440 755 et
458 690 658 756 Lubentinae
673 689 808 754 Veneris
831 691 989 756 vocabula
1010 698 1214 758 consecrata
1236 737 1237 756 t

194 784 278 866 sunt,
301 780 493 846 vitiosarum
515 801 623 844 rerum
640 800 744 863 neque
762 779 975 862 naturalium
999 801 1213 865 quamquam

194 868 338 936 Velleius
362 869 457 933 aliter
480 867 659 950 existimat;
682 867 738 930 sed
760 869 871 932 tamen
893 889 931 932 ea
952 867 1026 952 ipsa
1044 868 1129 932 vitia
1149 892 1213 934 na-

142 976 174 1026 ua
195 961 302 1026 turam
329 955 550 1024 vehementius
579 977 674 1039 saepe
696 954 837 1039 pulsant.
882 953 1075 1020 Utilitatum
1098 957 1212 1042 igitur

195 1045 416 1132 magnitudine
439 1043 609 1112 constituti
631 1048 707 1108 sunt
730 1043 759 1107 ei
782 1043 822 1126 di,
846 1043 901 1127 qni
924 1043 1086 1112 utilitates
1107 1067 1212 1128 quas·
1236 1099 1237 1124 ,

194 1157 255 1222 quc
283 1133 471 1218 gignebant.
515 1131 624 1215 Atque
651 1131 703 1196 his
731 1131 861 1214 quidem
886 1131 1089 1215 nominibus,
1117 1155 1210 1216 quae
1236 1133 1237 1140 '

193 1221 291 1308 paulo
320 1225 395 1286 ante
419 1220 505 1285 dicta
529 1224 617 1302 sunt,
646 1241 727 1303 quae
750 1219 799 1283 vis
822 1219 866 1283 sit
888 1221 924 1284 in
946 1241 1073 1304 quoque
1098 1221 1211 1288 deela-
1236 1229 1237 1232 ’

194 1314 286 1378 ratur
309 1307 377 1372 deo.

141 1403 183 1468 24
261 1393 409 1479 Suscepit
432 1398 540 1460 autem
562 1396 632 1460 vita
649 1395 817 1460 hominum
836 1395 1097 1480 consuetudoque
1115 1419 1209 1462 eom·
1236 1475 1237 1480 γ

195 1484 313 1566 munis,
341 1487 379 1547 ut
401 1482 563 1548 benefieiis
587 1484 773 1549 excellentis
796 1483 883 1549 viros
900 1484 940 1548 ¹in
963 1485 1088 1550 caelum
1110 1484 1208 1550 fama
1236 1503 1237 1568 j

194 1594 230 1638 ac
253 1573 421 1638 voluntate
439 1571 602 1637 tollerent.
638 1570 723 1637 Hinc
742 1571 907 1656 Hercules,
929 1571 1005 1636 hinc
1027 1570 1148 1637 Castor
1170 1579 1206 1638 et
1222 1573 1237 1664 ²l

192 1659 318 1744 Pollux,
340 1660 417 1726 hinc
435 1659 656 1745 AesculapiuS,
678 1659 754 1724 hinc
771 1659 869 1725 Liber
890 1659 988 1724 etiam
1008 1657 1108 1744 (hunc
1126 1661 1206 1728 dico
1236 1687 1237 1722 r

193 1748 345 1814 Liberum
367 1747 494 1814 Semela
517 1753 639 1832 natum,
660 1770 727 1813 non
749 1770 831 1831 eum,
854 1770 948 1830 quem
970 1749 1077 1812 nostri
1100 1751 1207 1816 maio·
1236 1815 1237 1818 ,

193 1859 244 1902 res
273 1840 410 1920 auguste
438 1840 612 1920 sancteque
640 1835 818 1916 [Liberum]
846 1857 920 1901 cum
948 1834 1065 1901 Cerere
1092 1841 1125 1902 et
1150 1838 1206 1902 Li·
1236 1855 1237 1920 y

193 1925 271 1989 bera
294 1928 574 2006 consecraverunt,
597 1923 683 2007 quod
705 1925 800 2007 quale
824 1924 881 2007 sit,
904 1947 942 1988 ex
964 1925 1128 2008 mysteriis
1156 1927 1206 1992 in·
1236 1925 1237 1990 j

193 2010 306 2095 tellegi
337 2014 456 2094 potest.
506 2009 568 2076 Sed
600 2011 686 2095 quod
718 2034 757 2074 ex
786 2012 881 2077 nobis
914 2016 1010 2077 natos
1044 1991 1237 2080 ‘liberos'rl

194 2099 410 2183 appellamus,
437 2098 555 2164 idcireo
579 2097 694 2164 Cerere
723 2100 794 2163 nati
819 2101 979 2166 nominati
1001 2105 1078 2166 sunt
1101 2100 1205 2167 Liber
1236 2131 1237 2172 l

194 2189 226 2250 et
255 2184 385 2269 Libera,
418 2185 504 2270 quod
533 2187 569 2252 in
597 2186 715 2252 Libera
747 2192 889 2272 servant,
922 2187 958 2253 in
984 2187 1103 2255 Libero
1131 2212 1206 2255 non

192 2269 299 2358 item),
332 2273 407 2338 hine
440 2274 538 2340 etiam
569 2274 741 2358 Romulae,
774 2298 869 2359 quem
901 2276 1031 2360 quidem
1062 2278 1204 2344 eundem

193 2383 262 2426 esse
284 2359 452 2436 Quirinum
475 2367 605 2447 putant3
628 2385 764 2448 quorum
784 2386 856 2428 cum
874 2369 1080 2430 remanerent
1099 2367 1203 2431 animi
1236 2371 1237 2436 ἶ

193 2455 289 2532 atque
309 2450 500 2514 aeternitate
523 2450 719 2535 fruerentur,
742 2451 804 2516 rite
828 2452 861 2516 di
883 2457 959 2518 sunt
982 2452 1101 2538 habiti,
1124 2475 1202 2520 cum
1217 2467 1237 2516 n

194 2541 226 2601 et
248 2537 365 2622 optimi
388 2542 495 2603 essent
519 2542 552 2603 et
576 2539 706 2604 aeterni.

142 2640 175 2688 63
260 2624 337 2690 Alia
355 2647 482 2711 quoque
500 2627 691 2710 erratione,
714 2631 747 2692 et
766 2628 893 2711 quidem
910 2629 1054 2714 physica,
1077 2651 1202 2716 magna
1236 2623 1237 2712 l

192 2713 285 2776 fluxit
317 2712 492 2778 multitudo
524 2715 685 2798 deorum,
702 2715 757 2798 qui
789 2716 894 2780 induti
921 2718 1027 2802 specie
1054 2718 1201 2784 humana
1236 2723 1237 2734 ’

191 2799 320 2864 fabulas
338 2801 444 2885 pc‘e'tis
465 2802 759 2887 suppeditaverunt,
778 2803 946 2869 hominum
965 2809 1076 2870 autem
1093 2806 1199 2873 vitam

193 2886 422 2970 superstitione
454 2891 542 2954 omni
570 2889 776 2954 referserunt.
829 2893 938 2975 Atque
969 2893 1022 2959 hic
1054 2894 1145 2959 locus
1179 2903 1237 2959 ad

193 2973 319 3038 Zenone
342 2978 503 3041 tractatus
525 2981 602 3062 post
625 2975 820 3043 aCleanthe
843 2983 876 3043 et
892 2977 1075 3066 Chrysippo
1097 2982 1200 3067 pluri·

193 3062 253 3126 bus
286 3061 393 3125 verbis
426 3063 605 3147 explicatus
638 3069 695 3129 est.
740 3065 826 3130 Nam
857 3063 951 3132 vetus
979 3069 1059 3144 haec
1086 3071 1198 3154 opinio
1236 3111 1237 3120 κ

193 3147 363 3214 Graeciam
390 3151 536 3236 opplevit
564 3156 727 3217 exsectum
750 3151 884 3219 Caelum
912 3156 1022 3222 afilic
1046 3155 1198 3244 Saturno,
1236 3211 1237 3234 ἶ

141 3253 174 3302 04
192 3237 336 3302 vinctum
360 3243 468 3303 autem
483 3236 657 3304 Saturnum
680 3241 787 3325 ipsum
810 3265 830 3307 a
851 3242 919 3309 filio
938 3243 1024 3310 Iove
1058 3244 1199 3329 Physica
1236 3237 1237 3294 l

192 3325 276 3390 ratio
308 3346 374 3390 non
405 3327 572 3412 inelegans
603 3327 728 3393 inclusa
760 3332 809 3393 est
840 3330 876 3394 in
906 3331 1025 3416 impias
1051 3332 1237 3418 fabulam-ul

250 3413 259 3432 ’
303 3416 365 3476 'nn
389 3414 474 3478 enim
497 3413 691 3478 altissimam
714 3416 954 3502 aetheriamque
976 3424 1139 3506 naturam,
1163 3421 1197 3488 id

362 3523 417 3583 un,
450 3521 531 3583 quae
562 3522 621 3585 per
652 3521 722 3566 sese
750 3504 858 3573 omnia
886 3507 1047 3592 gigneret,
1080 3531 1196 3576 vacare

1226 1147 1237 1210 ὲ
