2478 3936
291 211 357 268 LlB.
377 211 411 268 II.
437 211 512 268 OAP.
532 219 644 269 44—4t.
663 219 679 278 ξ
698 219 844 269 114-120.
1026 214 1069 278 89

77 358 104 417 et
135 376 207 420 cum
246 356 328 420 atris
364 357 567 422 extremitate
603 357 815 443 coniungitur.
868 357 908 422 In
939 357 1069 424 aethere
1078 359 1122 424 46

77 446 173 506 autem
193 447 285 508 astra
301 445 485 529 volvuntur,
504 467 586 529 quae
605 467 639 510 se
658 450 691 510 et
708 447 782 510 nisu
800 468 858 510 suo
873 447 1070 532 conglobata

75 531 233 595 continent
261 535 296 596 et
324 532 430 597 forma
451 532 524 617 ipsa
545 534 712 618 figuraque
735 556 794 600 sua
816 537 980 600 momenta
1002 555 1070 598 sus-

74 621 207 703 tentant,
239 623 315 683 sunt
344 620 429 684 eninr
452 603 604 705 rotunda,
632 622 747 706 quibus
774 622 904 706 formis,
929 626 967 686 ut
995 625 1070 686 ante

54 705 182 771 sdixisse
214 707 344 792 videor,
375 708 507 773 minime
535 710 645 775 noceri
674 714 792 795 potest.
838 707 920 775 Sunt
948 713 1055 776 autem
1072 724 1123 773 118

74 794 177 860 stellae
194 799 318 859 natura
334 795 515 880 flammeae3
537 797 686 881 quocirca
704 803 819 883 terrae,
841 798 950 882 maris,
973 819 1069 882 aqua·

72 904 136 946 rum
161 883 342 967 vaporibus
366 885 497 949 aluntur
519 885 573 969 iis,
601 886 655 969 qui
678 907 698 950 a
721 887 788 951 sole
811 908 850 950 ex
873 885 961 971 agris
983 889 1070 971 tepa

71 968 157 1034 iactis
181 975 217 1034 et
242 993 280 1035 ex
304 971 395 1055 aquis
419 972 612 1056 excitantur,
636 973 751 1057 quibus
775 975 862 1038 altae
884 977 1070 1038 renovatae·

72 1079 125 1141 que
156 1059 276 1123 stellae
304 1063 401 1143 atquc
429 1061 534 1126 omnis
561 1061 672 1125 aether
698 1061 872 1125 refundunt
899 1061 1010 1125 eadem
1037 1064 1071 1124 et

42 1164 62 1203 10
72 1167 191 1211 rursum
226 1147 364 1212 trahunt
393 1147 549 1232 indidem,
578 1149 660 1212 nihil
688 1152 726 1213 ut
753 1148 821 1214 iere
848 1149 987 1214 intereat
1014 1152 1072 1213 aut

72 1233 240 1299 admodum
262 1236 444 1320 paululum,
471 1236 557 1320 quod
579 1241 741 1302 astrorum
763 1237 850 1324 ignis
873 1241 906 1302 et
929 1235 1071 1303 aetheris

69 1321 194 1388 flamma
225 1323 395 1388 consumit.
439 1322 491 1388 Ex
517 1346 581 1408 quo
610 1330 799 1390 eventurum
825 1325 930 1390 nostri
951 1327 1072 1410 putant

71 1408 110 1493 id,
130 1411 169 1474 de
193 1433 261 1495 quo
284 1410 475 1476 Panaetium
498 1412 687 1477 addubitare
711 1413 873 1498 dicebant,
895 1417 933 1477 ut
956 1412 998 1478 ad
1020 1434 1073 1476 ex-

70 1499 204 1564 tremum
240 1499 345 1564 omnis
372 1499 510 1564 mundus
537 1500 729 1586 ignosceret,
760 1523 832 1566 cum
858 1521 970 1566 umore
998 1513 1072 1566 con·

44 1603 61 1641 ¹⁵
72 1590 195 1671 sumpto
220 1609 325 1671 neque
343 1590 431 1652 terra
449 1587 494 1652 ali
511 1592 623 1673 posset
640 1609 699 1653 nec
717 1593 876 1652 remearet
894 1594 957 1670 a'e'r,
980 1587 1071 1652 cuius

71 1677 153 1738 ortus
177 1697 268 1758 aqua
290 1675 378 1739 omni
401 1675 558 1740 exhausta
581 1696 651 1740 esse
673 1697 739 1739 non
761 1680 885 1759 posset,
907 1674 955 1738 ita
977 1674 1071 1738 relin-

71 1761 119 1844 qui
142 1763 232 1826 nihil
258 1766 387 1848 praeter
413 1763 536 1848 iguem,
565 1784 671 1847 aquo
695 1783 823 1826 rursum
847 1762 1011 1827 animante
1034 1783 1071 1845 ac

71 1849 122 1914 deo
150 1850 325 1915 renovatio
354 1851 465 1915 mundi
494 1852 586 1915 fieret
614 1855 711 1935 atque
738 1850 823 1915 idem
847 1852 980 1916 ornatus
1004 1871 1070 1914 ore-

71 1941 160 2002 retur.
198 1937 288 2002 Nolo
310 1938 344 2002 in
368 1939 536 2003 stellarum
554 1939 680 2004 ratione
698 1940 820 2004 multus
838 1937 931 2004 vobis
949 1937 1061 2021 videri,
1072 1953 1124 2000 119

44 2027 271 2110 anaximeque
294 2047 413 2112 aarum,
435 2049 517 2111 quae
538 2049 644 2092 errare
663 2027 823 2111 dicuntur3
848 2049 985 2111 quarum
1002 2029 1072 2090 tan-

71 2115 118 2176 tus
145 2118 199 2178 ost
228 2119 402 2180 concentus
429 2136 468 2179 ex
491 2115 716 2180 diss1mrlhm1s
738 2115 895 2200 motibus,
922 2117 972 2200 ut,
999 2137 1072 2180 cum

73 2220 194 2267 summa
218 2199 350 2266 Saturni
372 2201 551 2287 refrigeret,
573 2203 679 2268 media
700 2202 815 2268 Martis
838 2203 997 2287 incendat,
1019 2202 1071 2267 his

72 2287 239 2356 interiecta
256 2288 343 2355 Iovis
366 2290 519 2355 inlustret
542 2294 575 2355 et
592 2295 750 2376 temperet
767 2291 915 2376 infraque
932 2290 1072 2356 Martem

74 2375 146 2442 duae
175 2375 247 2442 Soli
278 2377 464 2462 oboediant,
491 2378 561 2463 ipse
589 2375 644 2444 Sol
674 2379 828 2443 mundum
858 2398 985 2444 onmem
1014 2399 1072 2441 sua

44 2477 62 2517 ²⁵
73 2463 136 2530 luce
159 2465 324 2550 compleat
346 2467 387 2530 ab
411 2488 512 2550 eoque
529 2465 621 2530 Luna
643 2466 837 2532 inluminata
860 2463 1071 2550 graviditates

74 2555 103 2615 et
126 2557 244 2637 partus
267 2553 392 2618 adferat
414 2554 682 2638 maturitatesque
705 2551 867 2640 gignendi.
911 2549 999 2627 Quae
1022 2572 1072 2616 co·

73 2640 194 2721 pulatio
221 2663 331 2706 rerum
356 2645 392 2706 et
416 2643 509 2725 quasi
531 2642 733 2707 consentiens
756 2640 798 2706 ad
819 2639 930 2704 mundi
952 2639 1071 2704 incolu-

74 2727 219 2794 mitatem
240 2730 479 2815 coagmentatio
497 2733 633 2795 naturae
652 2751 747 2814 quem
764 2750 830 2794 non
848 2731 967 2811 movet,
986 2727 1072 2792 hunc

74 2813 184 2882 horum
207 2817 290 2882 nihil
312 2838 465 2902 umquam
487 2818 687 2903 reputavisse
710 2821 798 2883 certo
822 2816 896 2881 scio.

46 2913 66 2952 ³⁰
135 2904 219 2991 Age,
238 2909 275 2970 ut
294 2928 313 2971 a
327 2906 519 2972 caelestibus
534 2905 630 2971 rebus
645 2905 686 2970 ad
699 2908 868 2970 terrestres
883 2904 1059 2988 veniamus,
1075 2875 1127 3002 [ἐξ

77 2992 149 3072 quid
170 2996 221 3057 est
243 2994 278 3058 in
295 2994 355 3077 his,
378 2994 413 3058 in
431 3015 494 3078 quo
513 3015 579 3058 non
595 2998 731 3058 naturae
749 2992 833 3059 ratio
852 2993 1072 3078 intellegentis

78 3081 249 3164 appareat?
293 3080 455 3166 Principio
480 3103 604 3165 eorum,
631 3103 713 3166 quae
736 3082 914 3168 gignuntur
937 3085 1073 3162 eterra,

79 3166 190 3252 stirpes
218 3172 251 3233 et
274 3169 490 3234 stabilitatem
513 3169 591 3234 dant
613 3169 667 3253 iis,
695 3190 776 3254 quae
799 3170 973 3248 sustinent,
1000 3169 1033 3230 et
1056 3186 1073 3228 e

77 3255 161 3319 terra
183 3278 294 3322 sucum
317 3258 465 3342 trahunt,
493 3278 556 3342 quo
580 3257 709 3322 alantur
732 3279 783 3341 ea,
809 3278 890 3339 quae
913 3252 1074 3317 radicibus

49 3343 290 3429 ³⁵continentur,
321 3346 587 3428 obducunturque
618 3345 702 3410 libro
731 3348 787 3408 aut
814 3341 932 3407 cortice
959 3339 1074 3422 tnmci,

80 3447 136 3509 quo
159 3431 225 3496 sint
249 3455 269 3497 a
289 3431 468 3519 frigoribus
493 3435 525 3497 et
548 3433 709 3498 caloribus
728 3430 874 3504 tutiores,
909 3427 980 3491 Iam
998 3448 1074 3491 vero

79 3515 154 3581 vites
180 3519 226 3584 sic
249 3521 415 3586 claviculis
440 3519 637 3585 adminicula
659 3523 831 3600 tamquam·
850 3513 999 3578 manibus
1022 3513 1075 3576 ad·
