2478 3936
310 177 378 234 LIB.
396 178 431 235 Π.
455 178 530 236 ΟΑΡ.
552 185 664 236 14-16,
687 185 834 247 saa-44.
1031 182 1072 246 61

81 325 128 386 tur
153 320 188 386 in
216 324 332 388 ardore
359 322 505 405 caelesti,
535 323 590 409 qui
617 325 730 390 aether
751 323 804 390 vel
827 325 952 390 eaelum
973 323 1075 390 nomi·

78 412 174 475 natur.
236 409 318 476 Oum
354 411 458 498 igitur
493 413 631 478 aliorum
667 413 881 478 animantium
917 416 1008 478 ortus
1039 413 1075 477 in
1093 427 1127 476 42

78 501 158 562 terra
181 499 237 584 sit,
259 499 398 565 aliorum
415 501 451 565 in
469 523 562 587 aqua,
582 501 618 566 in
635 505 709 568 aire
728 500 875 586 aliorum,
899 500 1075 566 absurdum

76 607 140 651 esse
161 585 339 653 Aristoteli
364 588 493 654 videtur
520 589 555 654 in
585 611 623 655 ea
649 592 756 675 parte,
788 610 871 673 quae
898 590 942 654 sit
964 589 1006 654 ad
1029 589 1074 675 gi·

55 675 199 759 sgnenda
222 676 402 742 animantia
424 677 602 763 aptissima,
624 678 746 743 animal
765 677 857 764 gigni
873 678 1001 742 nullum
1018 700 1075 762 pu-

74 765 146 828 tare.
199 761 313 829 Sidera
344 769 453 830 autam
481 766 661 832 aetherium
687 768 793 832 locum
821 767 982 850 obtinent,
1019 765 1076 850 qui

74 851 225 934 quoniam
247 852 456 918 tenuissimus
479 858 530 919 est
552 859 585 920 et
608 875 735 941 semper
757 854 903 940 agitatur
925 858 958 919 et
975 853 1075 939 viget,

72 959 200 1006 neeesse
225 944 289 1026 est,
313 941 399 1025 quod
421 942 541 1006 animal
563 943 659 1009 ineo
682 943 845 1028 gignatur,
867 941 901 1005 id
924 944 957 1006 et
980 963 1076 1006 sensu

75 1029 230 1094 acerrimo
253 1033 287 1094 et
310 1029 494 1095 mobilitate
517 1030 685 1096 celerrima
707 1051 785 1095 esse.
822 1029 928 1105 Quare
951 1051 1023 1094 oum
1040 1029 1076 1093 in

43 1116 203 1182 1⁰aethere
226 1121 317 1184 astra
340 1118 526 1204 gignantur,
548 1122 799 1185 consentaneum
821 1122 872 1182 est
893 1117 928 1182 in
947 1116 988 1182 iis
1007 1138 1076 1181 sen·

74 1225 142 1269 sum
163 1205 273 1270 inesse
296 1209 329 1270 et
350 1206 618 1292 intellegentiam,
641 1229 680 1272 ex
703 1229 767 1291 quo
790 1205 929 1272 efficitur
950 1207 986 1270 in
1003 1205 1075 1270 deo

72 1313 142 1357 rum
163 1314 301 1360 numero
324 1297 415 1359 astra
437 1316 507 1360 esse
530 1296 681 1361 ducenda.
721 1295 853 1360 Etenim
871 1296 948 1360 lieet
966 1294 1074 1360 videre
1088 1297 1128 1362 16

75 1381 219 1447 acutiora
244 1382 376 1469 ingenia
404 1386 437 1448 et
463 1383 505 1448 ad
525 1383 781 1469 intellegendum
803 1383 932 1470 aptiora
955 1404 1075 1466 eorm,

75 1469 127 1551 qui
155 1473 262 1536 terrae
291 1471 438 1535 incolant
464 1493 532 1556 aas,
563 1473 599 1536 in
626 1473 741 1556 quibus
769 1477 825 1536 abr
848 1473 892 1536 sit
914 1493 1014 1557 purus
1038 1493 1075 1536 ae

45 1569 65 1609 ¹⁵
75 1558 188 1642 tenuis,
213 1579 311 1642 quam
332 1559 474 1644 illorum,
498 1560 554 1644 qui
575 1564 709 1624 utantur
732 1581 841 1626 erasse
865 1559 954 1624 eaelo
978 1563 1075 1642 atque

15 1673 16 1678 ¹
75 1649 232 1713 concreto.
277 1645 362 1722 Quin
388 1647 487 1712 etiam
515 1648 586 1713 oibo
615 1671 679 1733 quo
706 1650 812 1730 utare,
839 1647 996 1711 interesse
1019 1646 1076 1709 ali-
1094 1661 1127 1709 43

14 1763 16 1772 ,
76 1733 150 1816 quid
177 1734 220 1800 ad
246 1735 366 1800 mentis
393 1737 494 1801 aciem
521 1739 670 1821 putant
696 1734 871 1799 Probabile
898 1737 949 1798 est
974 1733 1076 1818 igitur

75 1825 296 1904 praestantem
317 1824 575 1910 intellegentiam
597 1824 633 1889 in
655 1823 813 1890 sideribus
837 1843 916 1906 esse,
939 1843 1021 1905 quae
1043 1825 1076 1885 et

77 1911 252 1977 aetheriam
273 1915 402 1996 partem
424 1913 535 1978 mundi
556 1913 702 1978 incolant
725 1916 757 1977 et
775 1911 909 1976 marinis
927 1909 1076 1974 terrenis-

47 2009 137 2082 ²⁰que
171 2000 339 2066 umoribus
375 2001 474 2085 longo
510 2000 685 2066 intervallo
721 1997 902 2065 extenuatis
937 1999 1075 2063 alantur.

14 2145 16 2174 ,
77 2083 211 2153 Sensum
229 2092 340 2154 autem
358 2093 520 2154 astrorum
539 2092 636 2173 atque
654 2088 913 2174 intellegentiam
926 2108 1075 2152 maxume

15 2219 16 2254 3
78 2174 218 2242 declarat
241 2177 319 2242 ordo
343 2199 453 2242 eorum
476 2181 573 2261 atque
596 2177 780 2241 constantia
797 2174 894 2262 (nihil
913 2179 963 2241 est
980 2176 1076 2258 enim,

14 2267 16 2320 l
78 2264 160 2346 qnod
185 2265 314 2329 ratione
341 2268 374 2329 et
394 2286 528 2330 numero
552 2264 674 2331 moveri
697 2265 802 2349 possit
825 2265 894 2330 sine
916 2262 1077 2348 oonsilio),

14 2339 16 2362 '
78 2350 109 2414 in
130 2373 195 2436 quo
216 2352 301 2417 nihil
324 2355 374 2418 est
395 2354 617 2437 temerarium,
639 2353 724 2418 nihil
746 2353 886 2437 varium,
907 2351 991 2416 nihil
1013 2350 1076 2414 for·

48 2440 203 2505 auium.
250 2439 336 2506 Ordo
365 2445 474 2506 autem
497 2441 637 2506 siderum
660 2445 693 2506 et
714 2441 750 2506 in
773 2441 861 2506 omni
884 2438 1076 2503 aeternitate

15 2595 16 2618 ,
80 2527 260 2593 constantia
286 2550 389 2614 neque
415 2534 567 2595 naturam
594 2529 757 2615 signifieat
784 2525 849 2613 (est
872 2526 958 2590 enim
980 2527 1077 2611 plena

15 2635 16 2676 l
79 2615 225 2704 rationis)
253 2637 357 2700 neque
383 2617 562 2702 fortunam,
590 2639 672 2702 quae
699 2617 804 2682 amiea
830 2613 983 2680 varietati
1005 2635 1077 2678 eon·

14 2765 15 2768 ,
81 2705 232 2770 stantiam
254 2705 386 2790 respuit.
431 2703 584 2790 Sequitur
607 2727 693 2792 ergo,
716 2709 754 2770 ut
775 2704 848 2789 ipsa
871 2724 929 2766 sua
952 2706 1077 2787 sponte,

82 2813 133 2858 suo
156 2815 254 2858 sensu
278 2815 315 2857 aa
338 2793 506 2858 divinitate
529 2797 729 2860 moveantur.
766 2791 835 2856 Neo
857 2811 934 2857 vero
952 2791 1078 2856 Aristo·
1096 2801 1132 2851 44

51 2882 156 2946 areles
178 2903 247 2946 non
268 2880 447 2947 laudandus
471 2885 520 2947 est
541 2882 577 2946 in
599 2904 645 2966 eo,
669 2881 755 2966 quod
773 2879 890 2966 omnia,
912 2901 994 2964 quae
1012 2903 1078 2945 mo-

81 2973 205 3053 ventur,
233 2971 290 3034 aut
317 2973 434 3036 natura
462 2971 585 3036 moveri
607 2969 732 3036 censuit
754 2969 866 3036 autri
889 2972 945 3034 aut
967 2969 1078 3035 volun·

79 3059 157 3142 tate3
179 3057 303 3122 moveri
326 3063 436 3123 autem
459 3058 560 3124 solem
583 3061 617 3123 et
638 3059 750 3122 lunam
773 3061 806 3122 et
829 3057 935 3122 sidera
957 3056 1079 3138 omnia3

81 3167 158 3228 quae
191 3149 301 3210 autem
331 3150 450 3211 natura
480 3151 701 3230 moverentur,
737 3145 817 3211 haee
850 3148 907 3209 aut
937 3142 1078 3227 pondere

82 3233 227 3299 deorsum
249 3237 306 3298 aut
328 3234 462 3299 levitate
486 3235 546 3316 [in]
574 3235 711 3298 sublime
734 3233 821 3315 ferri,
845 3252 981 3314 quorum
1003 3250 1078 3292 neu·

53 3323 165 3386 ⁸⁵trum
187 3321 286 3386 astris
309 3323 520 3408 contingeret,
542 3326 716 3408 propterea
737 3321 823 3404 quod
841 3339 951 3382 eorum
970 3319 1078 3380 motus

83 3408 114 3473 in
141 3409 252 3474 orbem
282 3409 464 3494 oiroumque
492 3411 640 3475 ferretur.
684 3408 753 3474 Neo
779 3427 857 3472 vero
885 3404 947 3468 diei
969 3406 1079 3487 potest

14 3489 15 3536 l
85 3496 114 3561 ri
146 3498 285 3581 quadam
321 3499 443 3563 maiore
473 3497 558 3582 fieri,
593 3501 631 3562 ut
662 3499 775 3561 eontra
806 3495 957 3556 naturam
988 3493 1079 3554 astra
