2476 3936
251 223 253 228 -
348 192 415 250 LlB.
434 193 456 250 I.
479 193 556 250 OAP.
575 200 652 252 2-t.
672 201 687 261 θ
705 201 784 254 3-9.
919 243 920 248 =
1004 199 1071 267 275

73 337 121 402 vel
143 357 252 403 eorum
274 336 453 402 multorum
475 341 594 422 pestes,
616 359 699 422 quae
721 340 820 425 paulo
842 345 920 426 post
942 346 1070 408 secutae

72 427 150 490 sunt
183 423 254 490 Nee
276 447 353 490 vero
376 425 443 490 iam
465 447 538 492 meo
560 427 690 492 nomina
714 428 879 494 abstinent
901 433 944 515 et,
966 431 1071 516 eredo,

72 513 143 597 quia
167 516 283 580 nostro
310 513 446 580 oonsilio
473 535 511 580 ao
533 513 677 598 periculo
700 537 771 581 sese
792 517 828 582 in
849 517 909 583 illa
931 518 1001 583 vita
1023 523 1070 584 at

71 623 128 686 que
154 602 221 668 otio
245 605 454 668 conservatos
476 604 608 686 putant,
636 604 767 688 gravius
791 605 890 671 etiam
913 606 1069 672 danobis

50 693 242 773 rquenmtur
265 693 299 755 et
321 690 492 760 amantius.
529 687 592 754 Sed
614 690 701 756 haud
722 691 819 759 facile
837 693 983 779 dixerim,
1004 717 1070 779 our,

70 799 137 844 oum
149 777 213 864 ipsi
227 777 370 844 discendi
384 782 441 844 aut
454 777 579 844 visendi
593 800 691 844 eausa
704 781 808 848 maria
820 782 1037 848 tramittant..
1047 833 1069 848 ..

309 935 547 1018 [Desideraatar
563 939 701 1021 popinae
721 940 821 1020 duaa]

134 1043 343 1110 ...salvam
370 1062 440 1107 esse
467 1043 638 1108 consulatu
666 1043 777 1108 abiens
804 1043 839 1110 in
861 1065 933 1110 eon·
957 1047 997 1125 [p.
1017 1061 1103 1127 2597

68 1132 149 1197 tione
171 1132 295 1216 populo
317 1129 465 1196 Romano
488 1130 573 1196 idem
596 1131 723 1198 iurante
745 1130 950 1216 iuravissem,
972 1131 1069 1199 facile

68 1218 255 1286 iniuriarum
272 1217 418 1285 omnium
435 1238 679 1304 compensarem
697 1241 807 1284 auram
826 1224 859 1285 et
875 1221 1068 1288 molestiam.

39 1326 58 1364 1⁰
69 1305 267 1393 Quamquam
288 1307 395 1372 nostri
413 1328 506 1373 easus
524 1306 600 1391 plus
617 1307 750 1374 honoris
768 1309 953 1374 habuerunt
971 1333 1068 1396 quam

67 1396 184 1463 laboris
220 1417 324 1484 neque
359 1398 489 1462 tantum
525 1396 709 1480 molestiae,
745 1401 903 1480 quantum
935 1399 1069 1484 gloriae,

68 1485 281 1569 maioremque
307 1483 467 1550 laetitiam
495 1503 534 1548 ex
561 1484 718 1550 desiderio
746 1485 905 1550 bonorum
927 1489 1068 1572 percepi·

67 1596 131 1642 mus
160 1595 259 1658 quam
285 1594 325 1638 ex
351 1571 478 1638 laetitia
503 1572 727 1657 improborum
755 1573 908 1640 dolorem.
954 1572 1016 1642 Sed
1039 1575 1068 1639 si

68 1663 166 1747 aliter,
183 1665 221 1726 ut
234 1660 309 1746 dixi,
328 1660 506 1745 accidisset,
524 1661 581 1745 qui
593 1681 724 1745 possem
738 1660 851 1745 queri?
863 1657 868 1746 Ι
878 1683 951 1726 oum
965 1664 1005 1743 [p.
1015 1679 1067 1728 aoo

40 1767 57 1805 1⁵
68 1750 141 1818 mihi
169 1749 252 1814 nihil
280 1749 446 1834 inproviso
472 1754 532 1814 n'eo
560 1748 705 1834 gravius,
733 1769 831 1832 quam
854 1751 1067 1834 exspectavis-

68 1860 137 1924 sem,
158 1861 219 1924 pro
238 1837 340 1902 tantis
359 1836 438 1902 meis
457 1835 553 1902 faotis
573 1836 740 1902 evenisset.
776 1836 809 1901 Is
829 1837 915 1902 enim
932 1837 1066 1923 fueram,

68 1928 112 1992 oui
142 1949 217 1994 oum
247 1925 359 1992 lioeret
389 1928 446 1990 aut
473 1925 611 1991 maiores
640 1946 680 1989 ex
706 1923 774 1990 otio
801 1924 926 1990 fruetus
953 1947 1066 2011 rapere

67 2036 159 2098 quam
191 2013 307 2079 ceteris
337 2017 472 2098 propter
502 2013 627 2078 variam
654 2013 848 2080 suavitatem
876 2013 1067 2099 studiorum,

67 2103 96 2167 in
123 2104 242 2188 quibus
271 2125 292 2168 a
317 2101 458 2187 pueritia
483 2101 642 2185 vixeram,
670 2106 727 2167 aut
754 2102 783 2166 si
809 2103 887 2187 quid
909 2103 1067 2170 aooideret

39 2191 208 2258 laertius
235 2190 408 2274 universis,
435 2211 502 2255 non
528 2190 749 2276 praeeipuam,
776 2192 833 2256 sed
858 2214 971 2276 parem
994 2215 1067 2260 oum

67 2280 175 2346 ceteris
198 2278 348 2345 fortunae
371 2277 591 2344 conditionem
613 2278 735 2363 subire,
762 2301 828 2344 non
850 2279 1066 2347 dubitaverim

67 2389 112 2432 me
133 2367 336 2454 gravissimis
359 2364 633 2452 tempestatibus}
655 2389 692 2432 ao
715 2388 817 2451 paene
838 2366 946 2434 fulmi-
970 2371 1065 2449 [pla

67 2457 155 2522 nibus
173 2456 254 2542 ipsis
273 2455 404 2520 obvium
421 2454 506 2520 ferre
524 2454 817 2520 conservandorum
835 2455 953 2520 civium
969 2477 1066 2521 eausa

68 2547 205 2630 meisque
235 2543 377 2629 propriis
407 2542 558 2627 perieulis
590 2564 704 2627 parere
735 2561 904 2608 commune
932 2544 1065 2627 reliquis

38 2633 173 2700 notium.
215 2631 329 2716 Neque
356 2631 443 2696 enim
469 2631 531 2696 hao
556 2651 617 2696 nos
643 2629 753 2716 patria
778 2630 851 2716 lego
874 2632 986 2716 genuit
1009 2637 1100 2698 auto

68 2722 218 2806 adunavit,
240 2724 277 2786 ut
298 2719 390 2786 nulla
411 2719 505 2804 quasi
528 2719 684 2784 alimenta
706 2721 907 2802 exspeotaret
929 2741 950 2784 a
970 2720 1065 2785 nobis

68 2831 100 2876 aa
125 2814 255 2878 tantum
281 2808 376 2874 modo
403 2807 526 2874 nostris
553 2807 625 2892 ipsa
652 2806 828 2872 commodis
852 2806 994 2874 serviens
1016 2812 1065 2874 tu-

67 2901 132 2964 tum
157 2897 343 2984 perfugium
371 2896 438 2962 otio
464 2898 578 2962 nostro
608 2894 830 2980 suppeditaret
853 2897 887 2959 et
907 2897 1064 2980 tranquil·

68 2985 131 3052 lum
157 2986 199 3052 ad
221 2985 362 3069 quietem
384 2984 505 3068 locum,
532 2983 588 3049 sed
609 2988 647 3048 ut
668 2982 827 3068 plurimas
851 2987 885 3048 et
906 2984 1064 3050 maximas

39 3075 166 3140 ³⁰nostri
193 3070 315 3161 anilmi,
341 3072 476 3158 ingenii,
503 3071 631 3138 oonsilii
657 3071 762 3158 partis
788 3072 862 3156 ipsa
884 3071 948 3138 sibi
970 3074 1011 3153 [p.
1031 3089 1065 3139 50

69 3162 105 3228 ad
124 3163 302 3230 utilitatem
324 3183 416 3226 suam
442 3160 668 3247 pigneraretur
695 3163 887 3244 tantumque
913 3160 1007 3226 nobis
1030 3161 1065 3224 in

67 3255 210 3320 nostrum
231 3251 395 3336 privatum
417 3271 521 3333 usum,
543 3247 700 3333 quantum
720 3249 785 3334 ipsi
807 3267 974 3332 superesse
991 3269 1064 3332 pos-

70 3343 123 3424 set,
143 3340 333 3408 remitteret.

128 3428 198 3496 Iam
220 3428 281 3494 illa
301 3427 459 3512 perfugia,
482 3447 564 3510 quae
587 3427 718 3490 sumunt
740 3423 803 3488 sibi
826 3423 867 3488 ad
887 3423 1061 3490 exeusatio-
1081 3471 1096 3519 9

40 3527 147 3604 ³⁵nem,
168 3539 232 3602 quo
253 3515 381 3583 facilius
404 3514 472 3580 otio
494 3513 710 3600 perfruantur,
732 3515 818 3577 certe
836 3512 968 3578 minime
986 3515 1062 3576 sunt

798 3615 851 3669 18*

1081 3387 1212 3457 5‘.
