2458 3934
294 209 362 264 affl.
381 211 402 266 1.
427 211 502 266 cAP.
523 219 635 268 rr-ra.
658 218 805 279 sca-as.
986 213 1048 278 159

70 355 198 440 mugitus,
216 376 311 440 saepe
325 357 433 420 motus
448 356 552 420 multa
566 360 697 421 nostrae
711 357 758 421 rei
772 357 930 444 publicae,
944 359 1049 424 multa

69 442 161 507 cotem
182 443 367 508 civitatibus
391 444 505 529 gravia
527 448 561 508 et
582 465 659 508 vera
681 445 907 529 praedixerint.
942 445 1047 522 Quid?
1065 463 1100 514 eo

68 529 109 613 qui
126 530 286 614 inridetur,
309 535 422 616 partus
445 531 499 596 hio
521 532 629 596 mulae
650 553 766 616 nonne,
790 534 866 617 q'uia
887 533 973 599 fetus
997 551 1047 600 er·

66 618 119 682 titit
138 619 169 684 in
191 619 366 684 sterilitate
387 623 532 703 naturae,
554 619 738 704 praedictus
762 626 813 685 est
835 623 877 686 ab
901 622 1048 708 haruspi-

46 706 136 771 acibus
160 706 358 772 incredibilis
384 711 499 792 partus
527 709 710 773 malorum?
746 707 852 784 Quid?
879 708 927 775 Ti.
951 710 1048 777 Grac-

63 795 124 859 chus
145 794 178 859 P.
200 793 245 879 F,
271 795 326 878 qui
348 794 400 859 bis
424 797 535 861 consul
559 799 592 860 et
614 815 727 861 censor
748 796 820 881 fuit,
842 797 991 884 idemque
1014 803 1048 864 et

61 903 186 948 summus
206 903 311 968 augur
324 886 357 946 et
370 883 422 947 vir
436 883 721 968 sapiensoivisquc
733 888 915 970 praestans,
931 907 1047 972 nonne,

60 973 87 1034 ut
105 969 136 1036 C.
159 969 337 1054 Gracchus,
360 970 447 1035 filius
471 971 552 1055 eius,
575 972 732 1056 scriptum
754 973 899 1057 reliquit,
922 973 1046 1040 duobus

59 1059 202 1145 auguribus
218 1057 305 1123 domi
319 1059 547 1143 conprehensis
561 1059 749 1144 haruspices
763 1061 974 1126 convocavit?
991 1061 1047 1145 qui

34 1165 49 1201 1⁰
58 1168 117 1210 cum
143 1145 402 1232 respondissent,
430 1147 458 1210 si
485 1169 608 1212 marem
635 1147 809 1232 emisisset,
836 1149 929 1214 uxori
956 1147 1047 1214 brevi

57 1239 187 1320 tempore
215 1255 286 1299 csse
313 1234 527 1319 moriendum,
560 1236 588 1299 si
614 1235 782 1320 feminam,
808 1237 885 1321 ipsi,
913 1238 1046 1322 aequius

58 1344 114 1387 esse
140 1323 265 1388 censuit
293 1343 326 1386 se
354 1327 516 1387 maturam
543 1328 696 1408 oppetere
723 1327 863 1390 mortem
891 1346 988 1409 quam
1010 1325 1045 1390 P.

58 1409 189 1477 Africani
219 1411 322 1475 filiam
354 1410 605 1496 adulescentem3
636 1411 790 1477 feminam
822 1413 944 1498 emisit,
976 1414 1046 1499 ipsc

57 1499 152 1581 paucis
174 1503 252 1584 post
274 1498 385 1562 diebus
410 1503 459 1562 est
481 1503 638 1564 mortuus.
676 1499 876 1566 Inrideamus
899 1501 1046 1586 haruspi-
1058 1507 1098 1572 19

33 1601 47 1641 1⁵
58 1608 110 1670 ces,
131 1607 247 1669 vanos,
268 1585 394 1650 futtsses
419 1607 488 1650 esse
511 1587 662 1669 dicamus,
686 1608 885 1672 quorumque
908 1588 1047 1673 discipli-

57 1697 119 1740 nam
145 1679 178 1740 et
205 1674 463 1759 sapientissimus
490 1674 542 1738 vir
568 1679 601 1738 et
623 1679 756 1738 eventus
780 1697 817 1739 ae
839 1697 890 1740 res
915 1697 1047 1761 conpro-

57 1761 143 1847 bavit,
161 1765 414 1845 contemnamus,
432 1763 661 1828 condemnemus
679 1761 777 1826 etiam
793 1761 995 1847 Babylonem
1014 1769 1046 1828 et

58 1871 113 1934 eos,
139 1851 241 1935 quie
263 1847 407 1915 Caucaso
435 1851 516 1916 caeli
543 1850 637 1936 signa
660 1854 826 1916 servantes
848 1851 990 1916 numeris
1014 1856 1047 1917 et

57 1939 146 2003 nodis
176 1938 347 2003 stellarum
374 1959 486 2003 cursus
512 1941 761 2022 persequuntur,
791 1941 1047 2024 condemnemus,

31 2025 188 2111 nuquam,
211 2026 270 2090 hos
295 2030 351 2090 aut
375 2025 535 2090 stultitiae
559 2030 615 2089 aut
637 2026 792 2091 vanitatis
817 2032 873 2092 aut
894 2029 1046 2114 inpuden-

56 2113 116 2198 tiae,
139 2114 194 2200 qui
218 2113 455 2200 quadringenta
477 2114 685 2200 septuaginta
708 2116 798 2182 milia
821 2137 987 2201 annorum,
1010 2121 1047 2181 ut

56 2199 108 2285 ipsi
142 2203 266 2285 dicunt,
302 2202 519 2267 monumentis
551 2203 770 2287 conprehensa
802 2206 981 2292 continent,
1013 2208 1046 2270 et

56 2291 173 2354 mentiri
190 2290 367 2355 iudicemus
385 2311 453 2374 nee,
467 2290 668 2355 saeculorum
683 2291 880 2374 reliquorum
893 2293 1046 2358 iudicium

57 2378 130 2458 quod
148 2378 186 2442 de
205 2378 285 2464 ipsis
303 2377 449 2443 futurum
468 2379 519 2461 sit,
543 2378 778 2462 pertimescere.
815 2377 895 2465 Age,
914 2380 1046 2444 barbari
1065 2394 1098 2442 37

31 2464 121 2529 svani
152 2470 250 2550 atque
280 2465 427 2548 fallaces3
462 2487 540 2530 num
572 2466 671 2530 etiam
704 2465 876 2531 Graiorum
908 2466 1046 2532 historia

58 2554 183 2619 mentita
207 2554 278 2618 est?
310 2552 398 2629 Quae
422 2551 541 2619 Croeso
560 2553 698 2637 Pythius
721 2552 850 2638 Apollo,
873 2557 909 2618 ut
931 2555 970 2618 de
992 2576 1046 2618 na-

58 2641 143 2706 turali
174 2641 372 2708 divinatione
405 2641 522 2725 dicam,
555 2662 636 2724 quae
665 2640 933 2724 Atheniensibus,
965 2663 1046 2725 quae

58 2725 315 2812 lacedaemoniis,
338 2750 419 2814 quae
438 2728 598 2815 Tegeatis
622 2749 703 2812 quae
722 2727 865 2813 Argivis,
887 2750 969 2813 quae
988 2727 1047 2795 Co·

58 2815 173 2881 rinthiis
202 2817 417 2902 responderit,
446 2817 517 2901 quis
544 2816 698 2902 ignorat?
737 2814 879 2902 Collegit
905 2819 1046 2883 innume-

31 2904 159 2971 arabilis
189 2905 321 2970 oracula
343 2903 543 2989 Chrysippus
570 2925 629 2968 nec
656 2903 761 2968 ullum
789 2904 857 2970 sine
884 2905 1047 2992 locuplete

59 2997 173 3058 auctore
198 2997 294 3077 atque
317 2995 414 3075 teste3
442 3013 537 3077 quae,
561 2992 637 3075 quia
659 2995 738 3056 nota
760 2992 822 3056 tibi
846 2998 930 3076 sunt,
952 2994 1047 3059 relin-

59 3098 122 3164 qu03
157 3079 292 3146 defendo
329 3101 428 3144 unum
461 3081 536 3144 hoc:
572 3077 758 3163 Numquam
790 3081 872 3145 illud
904 3082 1047 3145 oraclum

57 3163 179 3253 Delphis
194 3172 263 3234 tam
277 3168 401 3234 celebre
420 3172 453 3231 et
471 3172 539 3232 tam
558 3168 681 3232 clarum
697 3168 814 3234 fuisset
827 3189 930 3252 neque
945 3168 1047 3232 tantis

59 3251 136 3320 donis
159 3257 316 3322 refertum
339 3256 483 3321 omnium
505 3255 700 3340 populorum
724 3261 819 3341 atque
838 3275 962 3339 regum,
983 3254 1047 3318 nisi

31 3341 148 3408 ³⁵onnis
169 3348 258 3410 aetas
278 3343 460 3409 oraclorum
474 3342 605 3406 illorum
620 3345 791 3409 veritatem
806 3346 891 3407 esset
906 3345 1046 3426 experta.

58 3425 133 3496 ldem
160 3433 227 3498 iam
255 3431 309 3496 diu
335 3451 402 3496 non
428 3430 515 3496 facit.
559 3428 607 3494 Ut
633 3431 735 3516 igitur
759 3430 902 3495 nuncin
923 3427 1047 3493 minore
1066 3439 1100 3490 38

59 3516 151 3600 gloria
173 3524 233 3604 est,
257 3517 333 3604 quia
355 3518 462 3583 minus
482 3518 684 3583 oraculorum
702 3517 822 3582 veritas
842 3516 978 3600 excellit,
1002 3515 1048 3581 sio
