2458 3934
131 169 193 232 124
437 165 486 219 ΒΕ
505 164 657 219 NATURA
675 163 831 218 DEORUM

130 315 187 377 aut
214 310 253 375 de
276 309 381 375 Codro
410 308 558 373 dubitare
586 327 759 392 possumus
783 311 839 372 aut
862 307 900 371 de
923 307 1053 390 ceteris,
1082 307 1138 391 qui

129 401 313 484 pugnantes
340 419 400 482 pro
426 396 552 482 patriae
580 396 733 460 libertate
760 395 965 460 ceciderunt?
998 395 1138 479 quodsi

129 487 298 572 probabile
329 506 395 550 non
426 488 490 568 et,
521 504 563 547 ne
595 483 655 548 illa
682 482 811 566 quidem
840 483 1022 566 superiora,
1054 482 1139 546 unde

77 589 111 639 oo
130 575 210 640 haec
232 577 376 656 manant,
398 572 568 657 probanda
590 575 675 636 sunt.
721 571 830 655 Atque
852 571 887 634 in
908 571 1075 655 plerisque
1098 571 1139 635 ci·

130 662 288 728 vitatibus
306 660 455 746 intellegi
472 663 583 745 potest
601 658 768 745 augendae
785 658 917 723 virtutis
932 659 1051 744 gratia,
1075 675 1165 742 quos

130 750 285 815 libentius
307 749 354 814 rei
377 748 525 834 publicae
548 769 647 812 eausa
668 747 848 832 periculum
871 746 975 812 adiret
993 747 1140 830 optimus

132 839 283 922 quisque,
310 837 454 902 virorum
481 835 618 900 fortium
644 835 836 900 memoriam
857 834 980 898 honore
1004 835 1138 899 deorum

130 926 366 992 immortalium
389 927 618 990 consecratam.
660 922 710 988 Ob
734 945 805 988 eam
829 923 915 987 em'm
936 923 1045 1006 ipsam
1069 945 1141 987 cau·

132 1036 203 1080 sam
224 1013 425 1079 Erechtheus
444 1005 583 1076 Ath'enis
606 1011 755 1095 filiaeque
774 1011 843 1075 eius
860 1010 896 1074 in
913 1031 1049 1075 numero
1069 1011 1141 1075 deo

131 1125 204 1168 rum
227 1106 316 1185 sunt;
337 1101 480 1184 itemque
498 1100 521 1182 †
538 1098 749 1165 Leonaticum
772 1102 822 1163 est
845 1098 1015 1162 delubrum
1038 1098 1142 1162 Athe
1154 1115 1183 1154 1⁰
1227 1107 1228 1120 ¹

131 1191 192 1273 nis,
216 1190 301 1273 quod
318 1187 496 1254 Leocorion
513 1187 708 1252 nominatur.
744 1185 989 1252 Alabandenses
1010 1186 1143 1270 quidem

133 1278 276 1342 sanetius
299 1275 505 1340 Alabandum
527 1275 651 1358 colunt,
682 1297 702 1339 a
724 1296 787 1358 quo
811 1278 862 1339 est
883 1275 962 1338 urbs
984 1275 1046 1338 illa
1069 1297 1143 1340 con·

133 1365 214 1449 dita,
242 1385 340 1447 quam
367 1383 562 1447 quemquam
588 1363 747 1428 nobilium
770 1362 917 1446 deorum3
949 1363 1035 1447 apud
1060 1385 1143 1447 quos
1227 1415 1228 1426 ,

131 1474 198 1518 non
223 1452 381 1517 inurbane
404 1448 619 1534 Stratonicus,
648 1455 686 1515 ut
713 1451 830 1534 multa,
858 1473 932 1516 cum
955 1450 1090 1534 quidam
1114 1452 1144 1516 ei
1227 1441 1228 1536 i

132 1541 288 1605 molestus
303 1539 511 1604 Alabandum
530 1538 625 1604 deum
643 1560 713 1604 esse
727 1539 943 1623 confirmaret,
965 1537 1143 1604 Herculem
1157 1555 1183 1595 1⁵
1227 1545 1228 1626 l

80 1678 124 1744 20
133 1631 282 1716 negaret:
310 1627 432 1714 ‘Ergo',
454 1627 573 1711 inquit,
597 1627 688 1693 ‘mihi
711 1626 911 1711 Alabandus,
933 1626 996 1691 tibi
1018 1626 1143 1692 Hercu·
1227 1627 1228 1706 l

80 1757 114 1805 51
135 1718 181 1782 les
211 1717 254 1782 sit
280 1715 416 1782 iratusl'
460 1716 524 1781 Illa
547 1720 669 1799 autem,
696 1714 813 1799 Balbe,
841 1736 923 1799 quae
946 1717 983 1779 tu
1006 1737 1027 1779 a
1049 1716 1143 1780 caelo

134 1805 295 1890 astrisque
325 1805 477 1888 ducebas,
507 1825 605 1888 quam
631 1805 729 1889 longe
757 1808 902 1887 serpant,
931 1825 998 1868 non
1026 1803 1143 1868 vides?
1227 1821 1228 1878 l

134 1892 242 1959 Solem
269 1893 364 1958 deum
391 1914 462 1958 esse
483 1891 685 1976 Lunamque,
714 1912 850 1976 quorum
876 1892 1016 1955 alterum
1038 1891 1144 1976 Apol·

133 1982 232 2046 linem
255 1980 384 2065 Graeci,
407 1981 544 2046 alteram
566 1979 706 2044 Dianam
728 1983 855 2064 putant.
901 1977 1024 2054 Quodsi
1045 1978 1143 2044 Luna
1156 1997 1182 2036 20
1227 1975 1228 2048 l

134 2070 193 2135 dea
223 2072 286 2153 est,
316 2089 394 2154 ergo
424 2069 523 2134 etiam
545 2066 675 2132 Lucifer
703 2072 892 2151 ceteraeque
915 2071 1060 2132 errantes
1084 2091 1144 2134 uu·

133 2177 259 2222 merum
291 2156 423 2222 deorum
456 2157 662 2240 obtinebunt,
693 2155 795 2241 igitur
822 2155 922 2220 etiam
948 2155 1143 2221 inerrantes.
1227 2205 1228 2230 ,

133 2243 200 2310 Gur
227 2247 336 2310 autem
358 2244 463 2329 Arqui
487 2244 608 2330 species
631 2245 754 2310 nonin
777 2244 910 2309 deorum
932 2265 1068 2309 numero
1091 2267 1143 2309 re·

133 2335 295 2419 ponatur?
322 2336 373 2397 est
396 2333 481 2397 enim
503 2333 651 2417 pulcher;
679 2337 711 2397 et
735 2333 776 2397 ob
800 2354 872 2397 eam
895 2355 1038 2416 causam,
1063 2333 1144 2417 quia

134 2422 273 2507 speciem
300 2422 420 2487 habeat
448 2420 684 2508 admirabilem,
708 2419 911 2485 Thaumante
934 2420 1051 2485 dicitur
1073 2421 1183 2487 Irae

134 2531 205 2575 esse
235 2515 321 2576 nata.
367 2509 466 2576 Cuius
499 2509 528 2574 si
560 2509 668 2574 divina
694 2512 812 2574 natura
839 2512 902 2592 est,
935 2509 1012 2592 quid
1038 2508 1142 2574 facies

133 2599 296 2664 nubibus?
341 2597 445 2664 Arcus
473 2598 558 2663 enim
586 2598 656 2682 ipse
683 2619 700 2662 e
727 2598 868 2663 nubibus
896 2596 1036 2662 efficitur
1063 2619 1144 2682 qno·

135 2687 209 2752 dam
240 2687 336 2753 modo
368 2687 536 2770 eoloratis3
569 2707 705 2769 quarum
736 2707 802 2751 una
831 2685 930 2750 etiam
958 2684 1142 2752 Centauros
1227 2699 1228 2722 ³

132 2775 296 2859 peperisse
328 2775 453 2840 dicitur.
498 2773 621 2850 Quodsi
651 2775 753 2839 nubes
786 2773 953 2839 rettuleris
984 2774 1021 2838 in
1053 2774 1142 2860 deos,

134 2862 319 2928 referendae
346 2867 432 2928 certe
460 2866 554 2928 erunt
581 2866 806 2947 tempestates,
835 2884 918 2946 quae
939 2862 1054 2947 populi
1077 2862 1142 2928 Ro·
1156 2880 1181 2920 ³0

135 2951 224 3016 mani
249 2950 367 3015 ritibus
394 2955 599 3017 consecratae
623 2955 706 3016 sunt.
751 2949 840 3036 Ergo
863 2951 997 3035 imbres,
1026 2951 1143 3036 nimbi,

134 3038 304 3124 procellae,
326 3038 472 3104 turbines
496 3040 547 3104 dei
569 3039 714 3124 putandi.
751 3037 867 3103 Nostri
891 3039 1019 3122 quidem
1043 3039 1142 3105 duces

134 3149 224 3194 mare
259 3125 476 3214 ingredientes
512 3128 670 3192 inmolare
705 3127 849 3192 hostiam
883 3127 1034 3192 fluctibus
1067 3149 1143 3193 con·
1227 3119 1228 3208 l

82 3220 277 3282 ensuerunt.
321 3213 393 3280 Iam
416 3215 444 3279 si
467 3218 517 3279 est
539 3212 636 3280 Ceres
660 3237 679 3280 a
702 3216 842 3302 gerendo
865 3212 927 3300 (ita
949 3215 1036 3280 enim
1059 3215 1143 3281 dice·
1227 3209 1228 3218 ’

135 3303 219 3392 bas),
241 3309 330 3370 terra
351 3303 424 3388 ipsa
447 3303 506 3367 dea
528 3306 579 3367 est
597 3305 630 3366 et
647 3303 696 3367 ita
713 3304 865 3387 habetur3
889 3325 970 3388 quae
989 3306 1040 3368 est
1053 3305 1143 3368 enim
1156 3318 1179 3361 ³⁵
1227 3287 1228 3364 l

137 3393 203 3458 alia
224 3389 449 3457 Tellml-ssin
470 3394 567 3474 terra,
593 3411 682 3455 mare
705 3391 813 3475 etiam,
837 3413 932 3475 quem
950 3389 1142 3476 Neptunum
1227 3385 1228 3468 ζ

136 3501 206 3545 csse
238 3480 380 3563 dicebas3
412 3498 490 3565 ergo
520 3481 555 3542 et
582 3477 716 3544 flumina
744 3483 776 3544 et
801 3479 919 3544 fontes.
962 3478 1079 3563 Itaque
1107 3483 1141 3544 et
1227 3475 1228 3568 l
