2458 3934
310 189 378 244 ΜΒ.
397 191 418 245 1.
443 189 519 246 cnP.
538 197 651 248 aa-nr.
675 197 690 257 s
709 198 823 246 aa-re.
1008 193 1072 258 163

92 332 267 399 redundaret.
313 333 406 410 Quod
433 335 547 400 matris
574 335 734 400 somnium
757 336 897 400 inmanis
921 337 983 401 filii
1005 360 1073 403 cru·

76 421 188 492 ¹delitas
212 423 433 507 conprobavit.
478 421 562 498 Quid
588 445 664 509 ego,
691 445 774 508 quae
802 424 891 510 magi
913 423 998 510 Cyro
1022 427 1073 490 illi

90 509 206 594 principi
233 510 441 596 interpretati
469 511 547 594 sint,
577 533 615 576 ex
637 510 776 577 Dinonis
797 511 938 578 Persicis
967 514 1072 599 profe·

89 598 163 662 ram?
192 596 276 663 Nam
295 621 367 664 cum
386 599 560 664 dormienti
578 600 608 663 ei
627 599 676 664 sol
696 600 736 664 ad
754 600 851 685 pedes
870 601 958 666 visus
979 606 1073 686 esset,

68 688 126 748 uter
150 707 218 750 enrn
245 686 359 751 scribit
385 687 508 752 frustra
531 688 726 772 adpetivisse
748 689 911 773 manibus,
941 711 1014 754 cum
1037 712 1072 755 se

87 773 260 838 convolvens
284 775 335 839 sol
357 775 540 839 elaberetur
562 778 595 839 et
618 776 737 860 abiret;
760 776 789 840 ei
810 797 925 863 magos
943 777 1071 863 dixisse,

87 861 155 942 quod
177 882 277 948 genus
296 863 492 947 sapientium
511 867 544 928 et
562 863 730 928 doctorum
749 864 932 930 habebatur
950 865 985 929 in
998 865 1072 930 Per-

86 949 127 1031 sis,
147 971 182 1013 ex
204 950 326 1035 triplici
349 951 547 1036 adpetitione
571 952 651 1016 solis
672 951 812 1036 triginta
830 973 932 1017 annos
952 951 1072 1037 Cyrum

85 1041 276 1122 regnaturum
309 1059 378 1102 esse
410 1038 568 1123 portendi.
606 1037 706 1114 *Quod
737 1039 786 1103 ita
812 1040 964 1125 contigit,
995 1063 1072 1106 nam

54 1125 113 1188 1⁰ad
142 1126 415 1212 septuagesimum
442 1128 601 1212 pervenit,
628 1148 700 1192 cum
729 1127 946 1213 quadraginta
974 1133 1071 1194 natus

84 1233 168 1277 annos
190 1235 329 1300 regnare
352 1214 520 1299 coepisset.
556 1215 618 1279 Est
635 1214 782 1300 profecto
801 1216 953 1301 quiddam
972 1218 1071 1282 etiam
1090 1229 1124 1278 47

83 1299 109 1364 in
130 1301 276 1366 barbaris
302 1303 453 1388 gentibus
476 1303 696 1388 praesentiens
720 1308 817 1388 atque
841 1304 1001 1390 divinans,
1030 1307 1071 1370 si·

83 1389 193 1471 quidem
221 1389 263 1455 ad
290 1391 429 1456 mortem
451 1391 656 1476 proficiscens
680 1389 835 1457 Callanus
858 1392 970 1477 Indus,
999 1416 1072 1459 cum

81 1476 267 1544 inscenderet
290 1479 324 1544 in
342 1499 458 1564 rogum
476 1479 651 1562 ardentem,
674 1478 717 1544 ‘0
735 1481 978 1564 praeclarum
997 1482 1072 1546 dis·

51 1566 243 1651 1⁵cessum’,
265 1567 384 1651 inquit,
408 1567 441 1630 ‘e
463 1567 559 1651 vita,
581 1589 678 1651 curn,
700 1571 751 1630 ut.
764 1567 925 1633 Herculi
947 1569 1072 1634 conti·

80 1653 139 1737 git,
160 1655 318 1721 mortali
341 1677 501 1740 corpore
523 1658 692 1720 cremato
715 1655 754 1718 in
777 1655 899 1720 lucem
923 1657 1071 1721 animus

79 1741 307 1807 excesseritl'
339 1741 483 1828 Cumque
497 1741 682 1808 Alexander
700 1763 773 1807 eum
791 1747 932 1828 rogaret,
951 1743 1072 1827 siquid

78 1829 173 1914 vellet,
195 1835 233 1894 ut
256 1831 389 1915 diceret,
411 1831 605 1917 ‘Optime',
627 1830 747 1914 inquit,
770 1830 1011 1916 ‘propediem
1033 1835 1072 1897 te

77 1917 229 1985 videbo'.
276 1917 368 1994 Quod
400 1919 447 1984 ita
477 1919 629 2006 contigit3
659 1940 737 1984 nam
766 1917 933 2003 Babylone
959 1921 1071 2004 paucis

48 2009 143 2092 apost
160 2007 272 2073 diebus
287 2005 470 2072 Alexander
488 2010 538 2072 est
556 2011 712 2073 mortuus.
743 2006 882 2073 Discedo
897 2029 1072 2094 parumper

77 2115 93 2156 a
109 2096 249 2179 somniis,
268 2095 309 2160 ad
327 2117 409 2180 quae
427 2118 503 2161 mox
520 2100 672 2161 revertar.
709 2094 780 2171 Qua
799 2099 894 2161 nocte
912 2098 1072 2181 templum

76 2179 226 2267 llphesiae
248 2182 374 2249 Dianae
397 2183 597 2270 deflagravit,
621 2183 733 2248 eadem
755 2189 885 2250 constat
908 2207 946 2249 ex
965 2184 1072 2268 Olym-

76 2271 160 2353 piade
182 2275 297 2338 natnm
321 2293 389 2336 esse
412 2272 642 2355 Alexandrum,
665 2275 772 2357 atque,
794 2273 850 2337 ubi
874 2274 980 2337 lucere
1004 2294 1073 2338 ooc-

76 2359 181 2444 pisset‚
209 2359 394 2426 clamitasse
423 2381 537 2446 magos
564 2364 689 2446 pestem
717 2382 754 2425 ac
777 2360 951 2444 perniciem
973 2359 1071 2424 Asiae
1083 2417 1125 2479 24

47 2458 224 2528 ²⁶proxuma
245 2452 340 2513 nocte
362 2452 482 2512 natam,
522 2447 611 2514 Haec
634 2450 672 2513 de
695 2447 783 2511 Indis
806 2451 840 2510 et
862 2448 976 2532 magis.
1013 2446 1072 2511 Re·
1091 2493 1125 2542 48

76 2534 197 2600 deamus
221 2537 262 2600 ad
286 2536 419 2602 somnia.
459 2535 678 2601 Hannibalem
702 2533 830 2599 Coelius
853 2534 978 2619 scribit,
1000 2557 1072 2599 curn

75 2624 250 2690 columnam
278 2645 423 2708 auream,
449 2646 531 2708 quae
559 2627 645 2689 esset
671 2621 803 2687 insano
826 2621 959 2686 Iunonis
982 2621 1072 2687 Laci-

74 2711 148 2796 niae,
166 2713 293 2778 anferre
311 2713 411 2777 vellet
430 2711 665 2796 dubitaretque,
683 2714 801 2776 utrum
812 2732 850 2774 ea
869 2709 972 2775 solida
987 2715 1072 2775 esset

17 2873 19 2880 ¹
75 2819 111 2864 an
136 2802 334 2866 extrinsecus
361 2801 524 2884 inaurata,
550 2799 837 2885 perterebravisse,
865 2821 1001 2883 cumque
1024 2821 1072 2865 so·

47 2885 167 2954 aridam
180 2887 366 2971 invenisset,
384 2889 536 2953 statuisse
551 2888 679 2970 tollere3
698 2887 728 2951 ei
742 2887 915 2951 secundum
930 2888 1072 2972 quietem

74 2975 170 3042 visam
193 2998 264 3041 esse
286 2976 442 3041 Iunonem
464 2976 655 3062 praedicere,
677 2996 718 3039 ne
738 2974 771 3038 id
789 2973 918 3059 faceret,
942 2976 1072 3040 minari·

76 3083 141 3150 que,
171 3066 200 3129 si
228 3064 373 3148 fecisset,
402 3085 437 3128 se
466 3068 666 3146 curaturam,
696 3066 733 3127 ut
755 3085 828 3127 eum
851 3085 977 3148 quoqne
1001 3084 1072 3127 ocu·

75 3149 146 3236 lum,
178 3174 242 3237 quo
270 3153 351 3217 bene
378 3152 515 3235 videret,
545 3152 724 3235 amitteret,
753 3151 849 3236 idque
877 3152 917 3215 ab
941 3150 1072 3215 homine

76 3245 160 3306 acuto
190 3263 257 3305 non
284 3261 353 3304 csse
379 3241 576 3326 neglectum
607 3241 717 3324 itaque
740 3261 779 3304 ex
803 3260 840 3303 eo
864 3258 955 3320 auro,
986 3235 1072 3319 quod

47 3329 305 3393 ³⁵enterebratum
324 3332 418 3412 essct,
436 3328 586 3393 buculam
604 3349 734 3392 curasse
751 3325 933 3390 faciendam
953 3327 986 3387 et
1000 3345 1071 3387 eam

76 3411 104 3478 in
124 3438 251 3482 summa
273 3417 423 3481 columna
445 3415 669 3481 conlocavisse.
710 3413 781 3478 Hoc
803 3413 882 3476 item
904 3411 939 3475 in
961 3408 1071 3494 Sileni,
1090 3422 1123 3470 49

77 3521 162 3584 quem
185 3503 315 3570 Coelius
339 3503 492 3588 sequitur,
515 3501 639 3568 Graeca
660 3503 799 3566 historia
821 3504 871 3564 est
894 3497 937 3584 (is
961 3502 1070 3564 autern

803 3601 856 3656 11*
