2510 3936
166 188 233 253 446
560 185 610 240 Du
628 185 783 241 LEGIBUS

156 333 274 420 splebi
295 332 421 398 libera
444 335 567 398 sunto.
609 330 697 406 Quae
717 331 771 394 lex
787 331 873 396 hane
891 330 1091 395 sententiam
1108 351 1184 396 eon-

167 422 264 505 tinet,
286 425 325 486 ut
347 441 458 486 omnes
481 420 571 506 leges
595 420 706 502 tollat,
735 439 819 502 quae
841 423 958 503 postea
980 419 1070 483 latae
1095 421 1184 501 sunt,

168 531 250 594 quae
277 512 394 595 tegunt
421 507 511 574 omni
533 508 660 573 ratione
683 507 888 592 suffragium,
917 529 959 571 ne
982 507 1057 592 quis
1080 507 1183 590 inspi-

168 599 233 664 ciat
256 597 423 681 tabellam,
445 618 486 661 ne
504 600 608 682 roget,
630 618 671 661 ne
690 595 847 681 appellet3
869 599 986 680 pontes
1007 594 1110 660 etiam
1130 595 1183 658 lex

115 703 149 755 39
168 685 273 752 Maria
301 685 380 752 feeit
407 687 574 770 angustos.
620 681 708 760 Quae
736 683 765 748 si
793 685 945 769 opposita
972 687 1051 748 sunt
1079 683 1207 750 ambi-5

167 773 275 859 tiosis‚
302 777 339 840 ut
363 777 439 840 sunt
460 773 541 856 fere,
566 793 636 837 non
658 771 872 856 reprehend03
902 772 953 836 sin
975 771 1182 854 †valuerint

168 867 279 929 tamen
301 863 390 947 leges
413 865 450 928 ut
472 883 513 926 ne
536 860 598 925 sim
621 861 773 944 ambitus,
795 860 917 925 habeat
939 881 1019 924 sane
1036 860 1180 945 populus

168 951 325 1017 tabellam
356 951 449 1034 quasi
480 949 639 1014 vindicem
666 949 843 1032 libertatis,
872 949 950 1013 dum
977 949 1077 1013 modo
1099 947 1181 1013 haee

169 1039 293 1124 optimo
317 1038 431 1123 euique
454 1041 487 1103 et
510 1037 703 1122 gravissimo
726 1037 790 1102 eivi
812 1037 1004 1102 ostendatur
1025 1037 1180 1121 ultroque

170 1129 337 1211 offeratur,
364 1131 402 1193 ut
428 1127 464 1192 in
491 1147 528 1190 eo
557 1125 600 1190 sit
626 1126 698 1210 ipso
727 1125 877 1209 libertae,
904 1125 940 1190 in
967 1147 1031 1208 quo
1056 1126 1215 1210 populor

168 1219 316 1301 potestas
333 1215 470 1280 honeste
488 1213 582 1290 bonis
602 1213 807 1300 gratificandi
825 1213 929 1278 datur.
960 1212 1077 1298 quue
1094 1235 1180 1278 nune

168 1305 208 1368 fit
229 1304 320 1386 illud,
343 1303 429 1387 quod
452 1325 471 1366 a
493 1305 528 1366 te
551 1303 657 1385 modo,
680 1301 807 1386 Quinte,
830 1302 952 1367 dietum
976 1305 1037 1386 est,
1062 1305 1099 1366 ut
1123 1301 1179 1366 mi-

168 1414 229 1456 nus
248 1391 368 1456 multos
387 1389 511 1455 tabella
529 1390 729 1474 condemnet,
747 1412 845 1474 quam
864 1390 992 1455 solebat
1010 1411 1085 1474 vox,
1104 1391 1179 1474 quia

168 1479 290 1565 populo
313 1478 409 1544 licere
432 1477 512 1543 satis
536 1481 595 1544 est.
635 1477 706 1543 Hoe
728 1482 856 1544 retento
879 1477 1006 1562 reliqua
1023 1479 1177 1543 voluntas

170 1567 358 1634 auctoritati
385 1570 443 1632 aut
470 1566 596 1653 gratiae
618 1567 767 1632 traditur.
812 1566 942 1651 Itaque,
963 1570 1002 1631 ut
1024 1567 1213 1632 omittens

168 1656 344 1742 largitione
376 1658 529 1739 corrupta
559 1655 725 1740 suffragia,
758 1676 825 1720 non
855 1655 959 1739 vides,
991 1656 1020 1720 si
1048 1656 1177 1739 quando

170 1745 312 1811 ambitus
336 1744 444 1828 sileat,
472 1743 583 1828 quaeri
610 1743 645 1807 in
668 1743 845 1828 suffragiis,
874 1743 952 1827 quid
974 1743 1094 1828 optimi
1116 1744 1178 1809 viri

170 1833 334 1898 sentiant?
372 1831 476 1908 Quam
499 1832 540 1896 ob
560 1853 629 1896 rem
647 1832 719 1917 lege
737 1835 852 1897 nostra
869 1831 1034 1896 libertatis
1054 1832 1176 1917 speeies
1251 1855 1252 1928 l

170 1922 274 2005 datur,
293 1920 470 1986 auotoritas
488 1920 648 1985 bonorum
661 1920 828 2004 retinetur,
847 1920 1065 1985 contentionis
1079 1942 1176 1986 eausa

168 2010 306 2074 tollitur.
1188 2025 1211 2065 ro

115 2070 158 2196 ἐξ
235 2097 359 2162 Deinde
381 2097 535 2182 sequitur,
558 2097 674 2182 quibus
693 2097 743 2161 ius
763 2097 807 2161 sit
825 2119 899 2162 eum
916 2098 1039 2182 populo
1059 2097 1176 2183 agendi

170 2188 226 2250 aut
249 2206 321 2250 oum
346 2187 473 2268 senatu3
496 2191 562 2250 tum
585 2185 694 2272 gravis
713 2188 754 2269 et,
777 2188 814 2250 ut
833 2185 984 2268 arbitror,
1006 2186 1175 2270 praeclara

168 2273 234 2338 lex:
263 2273 347 2354 Quae
373 2293 443 2337 oum
464 2275 579 2356 populo
602 2295 774 2357 quaeque
796 2273 836 2338 in
857 2273 1039 2357 patribus
1062 2295 1175 2360 agen·

168 2365 244 2445 tur,
276 2360 425 2427 modiea
453 2365 580 2446 sunto,
610 2362 645 2427 id
672 2365 722 2426 est
748 2361 896 2426 modesta
923 2365 1021 2446 atque
1049 2363 1174 2444 sedata3

168 2454 259 2515 actor
282 2449 368 2515 enim
391 2450 577 2514 moderatur
599 2454 632 2514 et
655 2449 751 2536 fingit
771 2471 838 2515 non
861 2450 957 2515 modo
976 2454 1120 2515 mentem
1138 2465 1209 2515 aaa

167 2539 369 2622 voluntates,
398 2538 454 2602 sed
475 2559 577 2623 paene
599 2538 710 2604 vultus
734 2559 858 2622 eorum,
880 2537 966 2621 apud
990 2559 1073 2622 quos
1097 2539 1172 2625 agit.
1251 2559 1252 2574 l

169 2626 261 2703 Quod
280 2626 383 2692 estin
401 2631 516 2690 senatu
533 2647 599 2691 non
617 2625 758 2709 difficile,
780 2630 831 2690 est
850 2626 935 2691 enim
953 2625 1025 2711 ipse
1044 2631 1173 2692 senator

167 2715 206 2799 is,
224 2715 313 2780 ouius
332 2736 398 2780 non
417 2714 458 2778 ad
472 2718 636 2780 auctorem
649 2714 809 2779 referatur
822 2715 957 2798 animus,
976 2715 1034 2780 sed
1049 2716 1106 2800 qui
1117 2737 1174 2800 per

169 2825 203 2868 se
225 2803 295 2887 ipse
319 2803 459 2887 spectari
481 2803 570 2868 velit.
606 2801 691 2868 Huio
712 2803 801 2868 iussa
824 2803 889 2867 tria
907 2806 997 2867 sunt:
1019 2807 1058 2868 ut
1076 2804 1173 2887 adsit3

167 2890 1208 3065 tlatdtlllittte-lttltltttllttll³⁰

400 3028 409 3061 r
688 3028 696 3062 r
863 3029 873 3064 7
1164 3029 1171 3063 r
1249 3051 1252 3076 ⁴

167 3088 244 3131 nam
273 3065 416 3130 brevitas
443 3087 509 3131 non
535 3067 631 3133 modo
659 3068 832 3152 senatoris,
862 3067 918 3132 sed
945 3067 1045 3132 etiam
1069 3073 1171 3134 orato·

167 3154 213 3220 ris
245 3174 364 3240 magna
391 3153 463 3218 laus
491 3159 541 3219 est
568 3155 603 3220 in
630 3156 799 3221 sententia.
844 3154 914 3221 Neo
941 3159 992 3220 est
1017 3178 1171 3241 umquam

167 3243 267 3329 longa
301 3242 447 3308 oratione
481 3244 648 3328 utendum,
681 3245 745 3310 nisi
781 3247 838 3310 aut
872 3247 1025 3332 peccante
1058 3249 1171 3310 senatu

167 3328 268 3416 (quod
285 3331 324 3393 fit
342 3330 519 3396 ambitione
539 3331 741 3420 saepissime)
759 3333 851 3398 nullo
871 3332 1067 3419 magistratu
1087 3333 1171 3399 adiu·
1183 3347 1206 3388 ³⁶

167 3420 264 3482 vante
287 3418 361 3482 tolli
384 3417 469 3482 diem
491 3418 572 3483 utile
596 3423 655 3503 est,
678 3425 735 3486 aut
758 3442 856 3504 quom
877 3424 970 3486 tanta
993 3441 1092 3486 eausa
1115 3426 1171 3502 est,

167 3507 205 3568 ut
237 3526 317 3589 opus
346 3505 390 3570 sit
418 3505 556 3570 oratoris
584 3507 677 3591 eopia
699 3509 751 3573 vel
775 3509 816 3574 ad
839 3508 1033 3574 hortandum
1056 3510 1110 3574 vel
1133 3510 1171 3574 ad
