2490 3950
155 180 199 244 20
463 177 512 232 nu
531 178 682 232 aarum
700 178 855 234 nnoaun

154 322 284 387 nionem
307 321 451 407 anquirit
473 323 601 388 animus
624 326 658 388 ct
678 322 819 388 formam
842 326 875 388 et
892 323 980 388 vitae
999 322 1174 388 actionem

105 463 145 527 18
155 410 337 494 mentisque
360 411 575 495 agitationem
596 411 632 475 in
654 411 723 476 de0.

102 542 136 590 45
221 496 270 563 Ac
293 497 460 564 deforma
482 500 612 584 quidem
634 499 755 583 partim
777 503 896 564 natura
916 519 977 564 nos
1001 497 1174 583 admonet,

154 587 276 671 partim
303 588 389 652 ratio
416 587 519 653 docet.
563 586 649 652 Nam
677 609 698 652 a
722 590 842 652 natura
867 587 1025 652 habemus
1050 609 1173 652 omnes

155 674 300 740 omnium
323 675 469 761 gentium
487 675 627 760 speciem
644 676 769 740 nullam
787 675 887 741 aliam
905 675 970 740 nisi
984 676 1173 740 humanam
1203 697 1217 735 ⁵

155 763 301 846 deorum3
331 785 413 846 quae
441 763 526 828 enim
548 762 655 828 forma
677 764 743 828 alia
765 762 904 829 occurrit
925 785 1083 847 umquam
1106 768 1174 828 aut

154 850 307 936 vigilanti
333 851 484 936 cuiquam
510 854 569 916 aut
595 850 789 916 dormienti?
834 848 898 918 Sed
919 873 960 918 ne
982 852 1095 916 omnia
1116 874 1174 917 re-

154 943 309 1004 vocentur
340 939 381 1004 ad
412 940 534 1024 primas
565 940 731 1005 notiones:
763 939 848 1005 ratio
878 939 940 1005 hoo
971 938 1058 1004 idem
1090 940 1174 1024 ipsa

100 1045 135 1093 47
155 1027 307 1094 declarat.
352 1026 439 1092 Nam
466 1050 539 1093 cum
566 1028 894 1113 praestantissumam
915 1031 1082 1112 naturam,
1110 1029 1173 1094 vel

153 1115 230 1200 quia
247 1115 345 1181 beata
362 1119 413 1180 est
431 1116 483 1180 vel
501 1116 577 1200 quia
595 1117 800 1201 sempiterna,
822 1115 994 1182 convenire
1012 1115 1172 1182 videatur
1188 1138 1215 1176 ro

153 1203 289 1268 eandem
311 1224 382 1268 esse
404 1204 670 1289 pulcherrimam,
693 1226 776 1288 quae
798 1204 980 1290 conpositio
1003 1205 1172 1271 membro

152 1314 234 1376 rum,
266 1313 348 1375 quae
380 1291 595 1356 conformatio
622 1292 899 1376 liniamentorum,
932 1315 1015 1376 quae
1046 1293 1171 1379 figura,

153 1401 235 1463 quae
271 1379 394 1464 species
430 1379 573 1444 humana
608 1383 719 1466 potest
749 1401 820 1447 esse
851 1380 1040 1467 pulchrior?
1093 1382 1170 1448 Vos

152 1466 295 1550 quidem,
323 1466 441 1551 Lucili,
471 1467 584 1533 soletis
611 1466 702 1553 (nam
724 1466 824 1534 Cotta
850 1491 944 1534 mens
970 1470 1067 1535 modo
1091 1470 1169 1554 hoc,

152 1555 248 1621 modo
262 1553 367 1640 illud),
385 1577 458 1620 cum
476 1555 650 1621 artificium
668 1555 824 1643 effingitis
842 1556 1064 1642 fabricamque
1083 1559 1169 1624 divi-
1185 1579 1211 1618 15

150 1666 241 1728 nam,
268 1666 367 1729 quam
395 1644 461 1709 sint
489 1645 598 1709 omnia
624 1645 660 1708 in
682 1645 823 1710 hominis
845 1646 953 1732 figura
974 1667 1042 1711 non
1064 1647 1169 1713 modo

152 1732 194 1797 ad
222 1754 329 1817 usum,
359 1755 472 1798 verum
499 1733 599 1798 etiam
626 1733 668 1797 ad
693 1737 899 1798 venustatem
923 1738 1014 1818 apta,
1045 1735 1168 1800 descri-

99 1835 133 1884 48
152 1821 236 1886 bere.
295 1820 417 1896 Quodsi
453 1821 598 1886 omnium
634 1819 849 1886 animantium
882 1820 1025 1887 formam
1058 1823 1168 1889 vincit

151 1908 293 1974 hominis
322 1909 441 1994 figura,
474 1907 552 1973 deus
580 1911 688 1973 autem
716 1909 874 1974 animans»
892 1915 956 1994 est,
989 1933 1027 1976 ea
1053 1912 1172 1997 figura'

150 1995 298 2081 profecto
322 2000 381 2078 est,
405 2017 487 2078 quac
509 1995 729 2081 pulcherrima
751 1999 795 2062 sit
812 1998 970 2082 omnium5
993 2000 1166 2083 quoniam·
1181 2021 1208 2059 so

151 2106 214 2168 que
236 2083 313 2149 deos
335 2083 543 2149 beatissimos
566 2106 636 2149 esse
659 2088 798 2170 constat,
819 2086 935 2152 beatus
959 2089 1068 2152 autem
1089 2111 1166 2154 esse

152 2171 221 2236 sine
244 2171 367 2236 virtute
388 2193 484 2236 nemo
506 2175 619 2256 potest
640 2195 700 2238 nec
720 2174 826 2240 virtus
849 2175 919 2240 sine
941 2175 1069 2240 ratione
1086 2199 1166 2242 con-

151 2264 238 2324 stare
260 2280 320 2324 nec
342 2259 427 2324 ratio
449 2281 587 2344 usquam
608 2262 715 2326 inesse
736 2262 802 2327 nisi
822 2262 858 2327 in
879 2262 1021 2328 hominis
1043 2265 1164 2350 figura,

98 2361 132 2410 49
150 2347 292 2412 hominis
316 2369 391 2412 esse·
410 2348 515 2432 specie
534 2348 611 2412 deos
630 2349 848 2415 confitendum
866 2354 925 2415 est.
961 2350 1030 2417 Nec
1048 2357 1164 2418 tamen

150 2457 190 2500 ea
217 2435 340 2521 species
366 2457 483 2520 corpus
511 2440 575 2520 est,
606 2437 663 2501 sed
690 2438 784 2521 quasi
810 2459 940 2524 corpus,
971 2461 1031 2506 nec
1057 2440 1163 2507 habet
1179 2460 1204 2500 aa

100 2526 140 2590 19
151 2524 355 2610 sanguinem,
386 2523 443 2588 sed
472 2524 566 2609 quasi
593 2525 791 2611 sanguinem.
840 2525 930 2592 Haec
960 2550 1163 2612 quamquam

151 2617 184 2677 et
206 2613 339 2678 inventa
362 2615 438 2677 sunt
460 2613 586 2678 acutius
610 2617 643 2678 ct
665 2613 752 2678 dicta
775 2614 927 2679 subtilius
947 2616 988 2681 ab
1007 2617 1161 2702 Epicuro,

151 2722 249 2784 quam
271 2705 308 2765 ut
332 2701 438 2785 quivis
461 2722 499 2764 ea
521 2701 627 2784 possit
651 2722 834 2787 agnoscere,
856 2706 966 2768 tamen
988 2704 1092 2770 fretus
1111 2706 1161 2770 in·

149 2788 339 2874 tellegentia
366 2792 477 2853 vestra
503 2788 627 2855 dissero
654 2790 796 2874 brevius,
829 2812 928 2874 quam
955 2815 1054 2858 causa
1077 2795 1160 2859 desi-

149 2876 251 2940 derat.
295 2875 454 2960 Epicurus
483 2880 605 2960 autem,
632 2877 688 2962 qui
714 2900 765 2943 res
794 2882 938 2944 occultas
965 2887 999 2946 et
1025 2882 1159 2965 penitus
1174 2901 1201 2940 ³⁰

149 2962 278 3028 abditas
297 2985 364 3028 non
380 2965 477 3029 modo
495 2965 613 3030 viderit
632 2966 749 3050 animo,
770 2967 944 3033 sedetiam
963 2969 1010 3034 sic
1027 2973 1160 3054 tractet,

148 3055 186 3116 ut
209 3073 317 3134 manu,
340 3051 433 3116 docet
456 3073 529 3116 eam
550 3073 621 3118 esse
644 3055 710 3119 vim
734 3058 767 3120 et
784 3059 936 3122 naturam
955 3058 1097 3139 deorum,
1120 3064 1160 3124 ut

147 3138 289 3224 primum
310 3160 378 3204 non
400 3160 504 3222 sensu,
527 3140 584 3206 sed
607 3147 714 3208 mente
737 3148 887 3209 cernatur
909 3167 968 3210 nec
991 3146 1159 3213 soliditate

149 3227 288 3310 quadam
319 3249 379 3292 nec
406 3226 656 3310 adnumerum,
687 3235 725 3295 ut
753 3253 803 3313 ea,
833 3253 915 3317 quae
942 3234 1000 3298 ille
1022 3240 1159 3321 propter

147 3315 338 3400 firmitatem
361 3315 536 3400 στερέμνια
558 3318 717 3402 appellat3
745 3319 802 3384 sed
823 3321 1020 3406 imaginibus
1044 3324 1157 3392 simili-
1172 3343 1200 3384 aa

146 3403 258 3469 tudine
290 3407 324 3468 et
355 3403 549 3470 transitione
576 3406 737 3492 perceptis
765 3427 838 3474 cum
865 3409 995 3475 infinita
1021 3410 1156 3477 simillu-

147 3513 274 3558 marum
296 3492 477 3579 imaginum
498 3493 597 3559 series
616 3517 655 3559 ex
673 3495 963 3563 innumerabilibus
980 3498 1156 3566 individuis
