<?xml version="1.0" encoding="UTF-8"?>
<!DOCTYPE html PUBLIC "-//W3C//DTD XHTML 1.0 Transitional//EN"
    "http://www.w3.org/TR/xhtml1/DTD/xhtml1-transitional.dtd">
<html xmlns="http://www.w3.org/1999/xhtml" xml:lang="en" lang="en">
 <head>
  <title>
</title>
<meta http-equiv="Content-Type" content="text/html;charset=utf-8" />
  <meta name='ocr-system' content='tesseract 3.04.00' />
  <meta name='ocr-capabilities' content='ocr_page ocr_carea ocr_par ocr_line ocrx_word'/>
</head>
<body>
  <div class='ocr_page' id='page_1' title='image "./mtulliiciceroni03mlgoog_0423.png"; bbox 0 0 2510 3936; ppageno 0'>
   <div class='ocr_carea' id='block_1_1' title="bbox 169 179 817 253">
    <p class='ocr_par' dir='ltr' id='par_1_1' title="bbox 169 179 817 253">
     <span class='ocr_line' id='line_1_1' title="bbox 169 179 817 253; baseline -0.034 0"><span class='ocrx_word' id='word_1_1' title='bbox 169 187 234 253; x_wconf 75' lang='lat'>372</span> <span class='ocrx_word' id='word_1_2' title='bbox 526 181 575 236; x_wconf 83' lang='lat' dir='ltr'>oa</span> <span class='ocrx_word' id='word_1_3' title='bbox 594 180 642 234; x_wconf 81' lang='lat' dir='ltr'>an</span> <span class='ocrx_word' id='word_1_4' title='bbox 660 179 817 234; x_wconf 79' lang='lat' dir='ltr'>ruamoa</span> 
     </span>
    </p>
   </div>
   <div class='ocr_carea' id='block_1_2' title="bbox 120 321 1211 3500">
    <p class='ocr_par' dir='ltr' id='par_1_2' title="bbox 167 321 1209 962">
     <span class='ocr_line' id='line_1_2' title="bbox 167 321 1172 404; baseline -0.016 -5"><span class='ocrx_word' id='word_1_5' title='bbox 167 337 261 398; x_wconf 90' lang='lat' dir='ltr'>tuum</span> <span class='ocrx_word' id='word_1_6' title='bbox 282 350 402 396; x_wconf 85' lang='lat' dir='ltr'>nomen</span> <span class='ocrx_word' id='word_1_7' title='bbox 424 349 459 393; x_wconf 87' lang='lat' dir='ltr'>se</span> <span class='ocrx_word' id='word_1_8' title='bbox 481 330 554 392; x_wconf 80' lang='lat' dir='ltr'>tote</span> <span class='ocrx_word' id='word_1_9' title='bbox 576 327 744 392; x_wconf 85' lang='lat' dir='ltr'>convertet</span> <span class='ocrx_word' id='word_1_10' title='bbox 766 322 895 404; x_wconf 86' lang='lat' dir='ltr'>civitas,</span> <span class='ocrx_word' id='word_1_11' title='bbox 917 325 951 386; x_wconf 90' lang='lat' dir='ltr'>te</span> <span class='ocrx_word' id='word_1_12' title='bbox 974 323 1121 403; x_wconf 86' lang='lat' dir='ltr'>senatus,</span> <span class='ocrx_word' id='word_1_13' title='bbox 1141 321 1172 383; x_wconf 84' lang='lat' dir='ltr'>te</span> 
     </span>
     <span class='ocr_line' id='line_1_3' title="bbox 169 408 1171 500; baseline -0.016 -13"><span class='ocrx_word' id='word_1_14' title='bbox 169 443 279 487; x_wconf 90' lang='lat' dir='ltr'>omnes</span> <span class='ocrx_word' id='word_1_15' title='bbox 307 418 398 500; x_wconf 88' lang='lat' dir='ltr'>boni,</span> <span class='ocrx_word' id='word_1_16' title='bbox 424 419 458 480; x_wconf 93' lang='lat' dir='ltr'>te</span> <span class='ocrx_word' id='word_1_17' title='bbox 487 415 578 499; x_wconf 89' lang='lat' dir='ltr'>socii,</span> <span class='ocrx_word' id='word_1_18' title='bbox 605 417 638 478; x_wconf 89' lang='lat' dir='ltr'>te</span> <span class='ocrx_word' id='word_1_19' title='bbox 661 412 771 477; x_wconf 89' lang='lat' dir='ltr'>Latini</span> <span class='ocrx_word' id='word_1_20' title='bbox 797 410 1024 493; x_wconf 86' lang='lat' dir='ltr'>intuebuntur,</span> <span class='ocrx_word' id='word_1_21' title='bbox 1050 408 1171 473; x_wconf 82' lang='lat' dir='ltr'>tueris</span> 
     </span>
     <span class='ocr_line' id='line_1_4' title="bbox 168 497 1174 590; baseline -0.013 -17"><span class='ocrx_word' id='word_1_22' title='bbox 168 531 251 574; x_wconf 90' lang='lat' dir='ltr'>unus</span> <span class='ocrx_word' id='word_1_23' title='bbox 283 508 319 572; x_wconf 93' lang='lat' dir='ltr'>in</span> <span class='ocrx_word' id='word_1_24' title='bbox 341 527 405 590; x_wconf 89' lang='lat' dir='ltr'>quo</span> <span class='ocrx_word' id='word_1_25' title='bbox 424 504 549 569; x_wconf 88' lang='lat' dir='ltr'>nitatur</span> <span class='ocrx_word' id='word_1_26' title='bbox 567 502 710 569; x_wconf 83' lang='lat' dir='ltr'>civitatis</span> <span class='ocrx_word' id='word_1_27' title='bbox 730 501 828 583; x_wconf 86' lang='lat' dir='ltr'>salus,</span> <span class='ocrx_word' id='word_1_28' title='bbox 851 521 898 583; x_wconf 85' lang='lat' dir='ltr'>aa,</span> <span class='ocrx_word' id='word_1_29' title='bbox 920 520 961 564; x_wconf 92' lang='lat' dir='ltr'>ne</span> <span class='ocrx_word' id='word_1_30' title='bbox 980 499 1094 581; x_wconf 83' lang='lat' dir='ltr'>multa,</span> <span class='ocrx_word' id='word_1_31' title='bbox 1117 497 1174 560; x_wconf 89' lang='lat' dir='ltr'>dio-</span> 
     </span>
     <span class='ocr_line' id='line_1_5' title="bbox 168 559 1175 678; baseline -0.015 -15"><span class='ocrx_word' id='word_1_32' title='bbox 168 559 261 663; x_wconf 50' lang='lat' dir='ltr'>tator,</span> <span class='ocrx_word' id='word_1_33' title='bbox 280 617 349 660; x_wconf 91' lang='lat' dir='ltr'>rem</span> <span class='ocrx_word' id='word_1_34' title='bbox 371 593 536 678; x_wconf 84' lang='lat' dir='ltr'>publicam</span> <span class='ocrx_word' id='word_1_35' title='bbox 559 591 738 656; x_wconf 87' lang='lat' dir='ltr'>constituas</span> <span class='ocrx_word' id='word_1_36' title='bbox 760 591 901 674; x_wconf 86' lang='lat' dir='ltr'>oportet,</span> <span class='ocrx_word' id='word_1_37' title='bbox 924 587 953 651; x_wconf 87' lang='lat' dir='ltr'>si</span> <span class='ocrx_word' id='word_1_38' title='bbox 970 587 1089 671; x_wconf 81' lang='lat' dir='ltr'>impias</span> <span class='ocrx_word' id='word_1_39' title='bbox 1108 607 1175 670; x_wconf 82' lang='lat' dir='ltr'>pro</span> 
     </span>
     <span class='ocr_line' id='line_1_6' title="bbox 169 675 1209 770; baseline -0.018 -20"><span class='ocrx_word' id='word_1_40' title='bbox 169 686 365 770; x_wconf 87' lang='lat' dir='ltr'>pinquorum</span> <span class='ocrx_word' id='word_1_41' title='bbox 400 703 514 746; x_wconf 89' lang='lat' dir='ltr'>manus</span> <span class='ocrx_word' id='word_1_42' title='bbox 552 679 712 765; x_wconf 82' lang='lat' dir='ltr'>effugeris.</span> <span class='ocrx_word' id='word_1_43' title='bbox 765 677 828 742; x_wconf 90' lang='lat' dir='ltr'>Hic</span> <span class='ocrx_word' id='word_1_44' title='bbox 859 699 933 741; x_wconf 90' lang='lat' dir='ltr'>oum</span> <span class='ocrx_word' id='word_1_45' title='bbox 965 675 1209 740; x_wconf 76' lang='lat' dir='ltr'>exclamassets</span> 
     </span>
     <span class='ocr_line' id='line_1_7' title="bbox 168 763 1177 858; baseline -0.013 -19"><span class='ocrx_word' id='word_1_46' title='bbox 168 773 299 839; x_wconf 86' lang='lat' dir='ltr'>Laelius</span> <span class='ocrx_word' id='word_1_47' title='bbox 331 770 630 858; x_wconf 72' lang='lat' dir='ltr'><strong>ingemuissentque</strong></span> <span class='ocrx_word' id='word_1_48' title='bbox 661 765 885 832; x_wconf 85' lang='lat' dir='ltr'>vehementius</span> <span class='ocrx_word' id='word_1_49' title='bbox 917 764 1031 847; x_wconf 91' lang='lat' dir='ltr'>ceteri,</span> <span class='ocrx_word' id='word_1_50' title='bbox 1065 763 1177 828; x_wconf 86' lang='lat' dir='ltr'>leniter</span> 
     </span>
     <span class='ocr_line' id='line_1_8' title="bbox 171 855 1177 962; baseline -0.011 -35"><span class='ocrx_word' id='word_1_51' title='bbox 171 862 316 927; x_wconf 77' lang='lat' dir='ltr'>arridens</span> <span class='ocrx_word' id='word_1_52' title='bbox 332 859 461 962; x_wconf 31' lang='lat' dir='ltr'>,Scipioz</span> <span class='ocrx_word' id='word_1_53' title='bbox 493 856 544 922; x_wconf 83' lang='lat' dir='ltr'>St!</span> <span class='ocrx_word' id='word_1_54' title='bbox 573 878 716 956; x_wconf 69' lang='lat' dir='ltr'>quaeso,</span> <span class='ocrx_word' id='word_1_55' title='bbox 733 855 854 938; x_wconf 90' lang='lat' dir='ltr'>inquit,</span> <span class='ocrx_word' id='word_1_56' title='bbox 880 875 921 918; x_wconf 93' lang='lat' dir='ltr'>ne</span> <span class='ocrx_word' id='word_1_57' title='bbox 948 875 1001 918; x_wconf 91' lang='lat' dir='ltr'>me</span> <span class='ocrx_word' id='word_1_58' title='bbox 1024 875 1044 918; x_wconf 91' lang='lat' dir='ltr'>e</span> <span class='ocrx_word' id='word_1_59' title='bbox 1068 873 1177 917; x_wconf 88' lang='lat' dir='ltr'>somno</span> 
     </span>
    </p>

    <p class='ocr_par' dir='ltr' id='par_1_3' title="bbox 120 945 1179 1122">
     <span class='ocr_line' id='line_1_9' title="bbox 120 945 1179 1122; baseline -0.009 -18"><span class='ocrx_word' id='word_1_60' title='bbox 120 952 424 1122; x_wconf 43' lang='lat' dir='ltr'>acessus</span> <span class='ocrx_word' id='word_1_61' title='bbox 439 945 903 1117; x_wconf 56' lang='lat' dir='ltr'>llfflbltlsslltltffb</span> <span class='ocrx_word' id='word_1_62' title='bbox 1114 1052 1179 1095; x_wconf 54' lang='lat' dir='ltr'>a</span> 
     </span>
    </p>

    <p class='ocr_par' dir='ltr' id='par_1_4' title="bbox 120 1085 1210 1810">
     <span class='ocr_line' id='line_1_10' title="bbox 120 1085 1210 1213; baseline -0.008 -21"><span class='ocrx_word' id='word_1_63' title='bbox 120 1097 153 1145; x_wconf 79' lang='lat'>13</span> <span class='ocrx_word' id='word_1_64' title='bbox 171 1127 345 1213; x_wconf 79' lang='lat' dir='ltr'><strong>publicam,</strong></span> <span class='ocrx_word' id='word_1_65' title='bbox 369 1126 415 1190; x_wconf 91' lang='lat' dir='ltr'>sic</span> <span class='ocrx_word' id='word_1_66' title='bbox 437 1085 571 1188; x_wconf 78' lang='lat' dir='ltr'>habeto:</span> <span class='ocrx_word' id='word_1_67' title='bbox 595 1122 754 1205; x_wconf 91' lang='lat' dir='ltr'>omnibus,</span> <span class='ocrx_word' id='word_1_68' title='bbox 778 1121 834 1204; x_wconf 91' lang='lat' dir='ltr'>qui</span> <span class='ocrx_word' id='word_1_69' title='bbox 851 1119 994 1205; x_wconf 85' lang='lat' dir='ltr'>patriam</span> <span class='ocrx_word' id='word_1_70' title='bbox 1013 1141 1179 1184; x_wconf 75' lang='lat' dir='ltr'>conserva</span> <span class='ocrx_word' id='word_1_71' title='bbox 1190 1133 1210 1172; x_wconf 86' lang='lat'>1⁰</span> 
     </span>
     <span class='ocr_line' id='line_1_11' title="bbox 170 1208 1179 1299; baseline -0.009 -19"><span class='ocrx_word' id='word_1_72' title='bbox 170 1216 291 1299; x_wconf 89' lang='lat' dir='ltr'>verint,</span> <span class='ocrx_word' id='word_1_73' title='bbox 314 1212 510 1296; x_wconf 83' lang='lat' dir='ltr'>adiuverint,</span> <span class='ocrx_word' id='word_1_74' title='bbox 533 1210 690 1293; x_wconf 78' lang='lat' dir='ltr'>auxerint,</span> <span class='ocrx_word' id='word_1_75' title='bbox 713 1211 839 1275; x_wconf 86' lang='lat' dir='ltr'>certum</span> <span class='ocrx_word' id='word_1_76' title='bbox 862 1230 933 1273; x_wconf 90' lang='lat' dir='ltr'>esse</span> <span class='ocrx_word' id='word_1_77' title='bbox 959 1209 994 1273; x_wconf 93' lang='lat' dir='ltr'>in</span> <span class='ocrx_word' id='word_1_78' title='bbox 1018 1209 1111 1274; x_wconf 84' lang='lat' dir='ltr'>caelo</span> <span class='ocrx_word' id='word_1_79' title='bbox 1133 1208 1179 1271; x_wconf 81' lang='lat' dir='ltr'>de</span> 
     </span>
     <span class='ocr_line' id='line_1_12' title="bbox 170 1296 1179 1382; baseline -0.006 -16"><span class='ocrx_word' id='word_1_80' title='bbox 170 1303 299 1366; x_wconf 88' lang='lat' dir='ltr'>finitum</span> <span class='ocrx_word' id='word_1_81' title='bbox 330 1304 451 1382; x_wconf 92' lang='lat' dir='ltr'>locum,</span> <span class='ocrx_word' id='word_1_82' title='bbox 481 1300 538 1364; x_wconf 92' lang='lat' dir='ltr'>ubi</span> <span class='ocrx_word' id='word_1_83' title='bbox 565 1299 654 1363; x_wconf 88' lang='lat' dir='ltr'>beati</span> <span class='ocrx_word' id='word_1_84' title='bbox 682 1319 761 1363; x_wconf 85' lang='lat' dir='ltr'>aevo</span> <span class='ocrx_word' id='word_1_85' title='bbox 790 1296 988 1381; x_wconf 89' lang='lat' dir='ltr'>sempiterno</span> <span class='ocrx_word' id='word_1_86' title='bbox 1016 1297 1179 1379; x_wconf 80' lang='lat' dir='ltr'>fruantur3</span> 
     </span>
     <span class='ocr_line' id='line_1_13' title="bbox 170 1385 1180 1472; baseline -0.004 -18"><span class='ocrx_word' id='word_1_87' title='bbox 170 1390 252 1455; x_wconf 89' lang='lat' dir='ltr'>nihil</span> <span class='ocrx_word' id='word_1_88' title='bbox 286 1393 337 1454; x_wconf 85' lang='lat' dir='ltr'>est</span> <span class='ocrx_word' id='word_1_89' title='bbox 368 1389 453 1454; x_wconf 90' lang='lat' dir='ltr'>enim</span> <span class='ocrx_word' id='word_1_90' title='bbox 488 1388 539 1451; x_wconf 91' lang='lat' dir='ltr'>illi</span> <span class='ocrx_word' id='word_1_91' title='bbox 571 1387 711 1472; x_wconf 85' lang='lat' dir='ltr'>principi</span> <span class='ocrx_word' id='word_1_92' title='bbox 740 1385 813 1469; x_wconf 89' lang='lat' dir='ltr'>deo,</span> <span class='ocrx_word' id='word_1_93' title='bbox 844 1385 899 1469; x_wconf 91' lang='lat' dir='ltr'>qui</span> <span class='ocrx_word' id='word_1_94' title='bbox 931 1407 1064 1450; x_wconf 92' lang='lat' dir='ltr'>omnem</span> <span class='ocrx_word' id='word_1_95' title='bbox 1096 1407 1180 1450; x_wconf 82' lang='lat' dir='ltr'>mun</span> 
     </span>
     <span class='ocr_line' id='line_1_14' title="bbox 172 1473 1178 1564; baseline -0.006 -21"><span class='ocrx_word' id='word_1_96' title='bbox 172 1479 248 1543; x_wconf 88' lang='lat' dir='ltr'>dum</span> <span class='ocrx_word' id='word_1_97' title='bbox 270 1478 365 1564; x_wconf 86' lang='lat' dir='ltr'>regit,</span> <span class='ocrx_word' id='word_1_98' title='bbox 389 1475 475 1561; x_wconf 88' lang='lat' dir='ltr'>quod</span> <span class='ocrx_word' id='word_1_99' title='bbox 494 1475 623 1559; x_wconf 90' lang='lat' dir='ltr'>quidem</span> <span class='ocrx_word' id='word_1_100' title='bbox 641 1476 675 1539; x_wconf 93' lang='lat' dir='ltr'>in</span> <span class='ocrx_word' id='word_1_101' title='bbox 693 1473 790 1538; x_wconf 84' lang='lat' dir='ltr'>terris</span> <span class='ocrx_word' id='word_1_102' title='bbox 808 1474 876 1557; x_wconf 81' lang='lat' dir='ltr'>fiet,</span> <span class='ocrx_word' id='word_1_103' title='bbox 900 1474 1065 1559; x_wconf 83' lang='lat' dir='ltr'>acceptius</span> <span class='ocrx_word' id='word_1_104' title='bbox 1088 1496 1178 1558; x_wconf 87' lang='lat' dir='ltr'>quam</span> 
     </span>
     <span class='ocr_line' id='line_1_15' title="bbox 171 1562 1210 1648; baseline -0.006 -16"><span class='ocrx_word' id='word_1_105' title='bbox 171 1567 308 1632; x_wconf 84' lang='lat' dir='ltr'>concilia</span> <span class='ocrx_word' id='word_1_106' title='bbox 326 1570 499 1648; x_wconf 88' lang='lat' dir='ltr'>coetusque</span> <span class='ocrx_word' id='word_1_107' title='bbox 517 1564 686 1629; x_wconf 88' lang='lat' dir='ltr'>hominum</span> <span class='ocrx_word' id='word_1_108' title='bbox 704 1563 772 1627; x_wconf 91' lang='lat' dir='ltr'>iure</span> <span class='ocrx_word' id='word_1_109' title='bbox 792 1562 915 1646; x_wconf 86' lang='lat' dir='ltr'>sociati,</span> <span class='ocrx_word' id='word_1_110' title='bbox 934 1584 1017 1646; x_wconf 86' lang='lat' dir='ltr'>quae</span> <span class='ocrx_word' id='word_1_111' title='bbox 1033 1563 1179 1628; x_wconf 81' lang='lat' dir='ltr'>civitates</span> <span class='ocrx_word' id='word_1_112' title='bbox 1191 1575 1210 1615; x_wconf 77' lang='lat'>¹⁵</span> 
     </span>
     <span class='ocr_line' id='line_1_16' title="bbox 172 1651 1181 1740; baseline -0.005 -20"><span class='ocrx_word' id='word_1_113' title='bbox 172 1657 392 1740; x_wconf 80' lang='lat' dir='ltr'>appellantur3</span> <span class='ocrx_word' id='word_1_114' title='bbox 410 1655 527 1718; x_wconf 83' lang='lat' dir='ltr'>harum</span> <span class='ocrx_word' id='word_1_115' title='bbox 545 1656 687 1718; x_wconf 86' lang='lat' dir='ltr'>rectores</span> <span class='ocrx_word' id='word_1_116' title='bbox 705 1655 739 1716; x_wconf 92' lang='lat' dir='ltr'>et</span> <span class='ocrx_word' id='word_1_117' title='bbox 757 1656 1002 1717; x_wconf 78' lang='lat' dir='ltr'>conservatores</span> <span class='ocrx_word' id='word_1_118' title='bbox 1019 1651 1101 1718; x_wconf 88' lang='lat' dir='ltr'>hino</span> <span class='ocrx_word' id='word_1_119' title='bbox 1114 1674 1181 1737; x_wconf 86' lang='lat' dir='ltr'>pro</span> 
     </span>
     <span class='ocr_line' id='line_1_17' title="bbox 171 1744 568 1810; baseline -0.008 -2"><span class='ocrx_word' id='word_1_120' title='bbox 171 1744 250 1809; x_wconf 85' lang='lat' dir='ltr'>fecti</span> <span class='ocrx_word' id='word_1_121' title='bbox 268 1745 331 1810; x_wconf 90' lang='lat' dir='ltr'>huc</span> <span class='ocrx_word' id='word_1_122' title='bbox 353 1746 568 1809; x_wconf 85' lang='lat' dir='ltr'>revertuntur.</span> 
     </span>
    </p>

    <p class='ocr_par' dir='ltr' id='par_1_5' title="bbox 120 1811 1211 2620">
     <span class='ocr_line' id='line_1_18' title="bbox 120 1811 1180 1936; baseline -0.004 -41"><span class='ocrx_word' id='word_1_123' title='bbox 120 1811 163 1936; x_wconf 55' lang='lat' dir='ltr'>ff</span> <span class='ocrx_word' id='word_1_124' title='bbox 238 1831 301 1898; x_wconf 90' lang='lat' dir='ltr'>Hic</span> <span class='ocrx_word' id='word_1_125' title='bbox 320 1854 390 1919; x_wconf 83' lang='lat' dir='ltr'>ego,</span> <span class='ocrx_word' id='word_1_126' title='bbox 409 1831 471 1896; x_wconf 89' lang='lat' dir='ltr'>etsi</span> <span class='ocrx_word' id='word_1_127' title='bbox 487 1851 576 1895; x_wconf 87' lang='lat' dir='ltr'>eram</span> <span class='ocrx_word' id='word_1_128' title='bbox 592 1829 784 1914; x_wconf 87' lang='lat' dir='ltr'>perterritus</span> <span class='ocrx_word' id='word_1_129' title='bbox 798 1851 864 1894; x_wconf 90' lang='lat' dir='ltr'>non</span> <span class='ocrx_word' id='word_1_130' title='bbox 877 1833 947 1894; x_wconf 83' lang='lat' dir='ltr'>tam</span> <span class='ocrx_word' id='word_1_131' title='bbox 961 1830 1082 1895; x_wconf 89' lang='lat' dir='ltr'>mortis</span> <span class='ocrx_word' id='word_1_132' title='bbox 1097 1832 1180 1894; x_wconf 87' lang='lat' dir='ltr'>metu</span> 
     </span>
     <span class='ocr_line' id='line_1_19' title="bbox 172 1918 1180 2005; baseline -0.008 -19"><span class='ocrx_word' id='word_1_133' title='bbox 172 1943 270 2005; x_wconf 85' lang='lat' dir='ltr'>quam</span> <span class='ocrx_word' id='word_1_134' title='bbox 298 1921 489 1986; x_wconf 89' lang='lat' dir='ltr'>insidiarum</span> <span class='ocrx_word' id='word_1_135' title='bbox 518 1941 539 1983; x_wconf 85' lang='lat' dir='ltr'>a</span> <span class='ocrx_word' id='word_1_136' title='bbox 565 1919 660 2002; x_wconf 91' lang='lat' dir='ltr'>meis,</span> <span class='ocrx_word' id='word_1_137' title='bbox 690 1918 836 2002; x_wconf 86' lang='lat' dir='ltr'>quaesivi</span> <span class='ocrx_word' id='word_1_138' title='bbox 862 1921 986 2001; x_wconf 90' lang='lat' dir='ltr'>tamen,</span> <span class='ocrx_word' id='word_1_139' title='bbox 1015 1919 1180 1983; x_wconf 76' lang='lat' dir='ltr'>viveretne</span> 
     </span>
     <span class='ocr_line' id='line_1_20' title="bbox 171 2005 1211 2092; baseline -0.004 -20"><span class='ocrx_word' id='word_1_140' title='bbox 171 2010 241 2092; x_wconf 88' lang='lat' dir='ltr'>ipse</span> <span class='ocrx_word' id='word_1_141' title='bbox 265 2013 298 2074; x_wconf 83' lang='lat' dir='ltr'>et</span> <span class='ocrx_word' id='word_1_142' title='bbox 320 2009 441 2074; x_wconf 87' lang='lat' dir='ltr'>Paulus</span> <span class='ocrx_word' id='word_1_143' title='bbox 464 2011 558 2092; x_wconf 89' lang='lat' dir='ltr'>pater</span> <span class='ocrx_word' id='word_1_144' title='bbox 581 2010 614 2070; x_wconf 89' lang='lat' dir='ltr'>et</span> <span class='ocrx_word' id='word_1_145' title='bbox 637 2006 702 2089; x_wconf 88' lang='lat' dir='ltr'>alii,</span> <span class='ocrx_word' id='word_1_146' title='bbox 725 2028 806 2089; x_wconf 92' lang='lat' dir='ltr'>quos</span> <span class='ocrx_word' id='word_1_147' title='bbox 829 2028 889 2071; x_wconf 90' lang='lat' dir='ltr'>nos</span> <span class='ocrx_word' id='word_1_148' title='bbox 912 2007 1077 2072; x_wconf 83' lang='lat' dir='ltr'>extinctos</span> <span class='ocrx_word' id='word_1_149' title='bbox 1102 2005 1211 2072; x_wconf 74' lang='lat' dir='ltr'>arbi-2⁰</span> 
     </span>
     <span class='ocr_line' id='line_1_21' title="bbox 172 2095 1179 2179; baseline -0.004 -18"><span class='ocrx_word' id='word_1_150' title='bbox 172 2101 341 2161; x_wconf 76' lang='lat' dir='ltr'>traremur</span> <span class='ocrx_word' id='word_1_151' title='bbox 380 2097 486 2160; x_wconf 91' lang='lat' dir='ltr'>Immo</span> <span class='ocrx_word' id='word_1_152' title='bbox 509 2117 594 2177; x_wconf 94' lang='lat' dir='ltr'>vero,</span> <span class='ocrx_word' id='word_1_153' title='bbox 617 2095 732 2179; x_wconf 89' lang='lat' dir='ltr'>inquit,</span> <span class='ocrx_word' id='word_1_154' title='bbox 754 2095 790 2159; x_wconf 92' lang='lat' dir='ltr'>hi</span> <span class='ocrx_word' id='word_1_155' title='bbox 812 2095 935 2179; x_wconf 91' lang='lat' dir='ltr'>vivunt,</span> <span class='ocrx_word' id='word_1_156' title='bbox 959 2095 1054 2179; x_wconf 91' lang='lat' dir='ltr'>quie</span> <span class='ocrx_word' id='word_1_157' title='bbox 1073 2116 1179 2179; x_wconf 85' lang='lat' dir='ltr'>corpo</span> 
     </span>
     <span class='ocr_line' id='line_1_22' title="bbox 171 2184 1180 2268; baseline -0.002 -20"><span class='ocrx_word' id='word_1_158' title='bbox 171 2205 245 2248; x_wconf 87' lang='lat' dir='ltr'>rum</span> <span class='ocrx_word' id='word_1_159' title='bbox 271 2184 409 2248; x_wconf 86' lang='lat' dir='ltr'>vinculis</span> <span class='ocrx_word' id='word_1_160' title='bbox 436 2187 604 2268; x_wconf 85' lang='lat' dir='ltr'>tamquam</span> <span class='ocrx_word' id='word_1_161' title='bbox 628 2205 645 2247; x_wconf 93' lang='lat' dir='ltr'>e</span> <span class='ocrx_word' id='word_1_162' title='bbox 669 2205 796 2248; x_wconf 86' lang='lat' dir='ltr'>carcere</span> <span class='ocrx_word' id='word_1_163' title='bbox 820 2184 1046 2262; x_wconf 72' lang='lat' dir='ltr'>evolaverunt,</span> <span class='ocrx_word' id='word_1_164' title='bbox 1074 2187 1180 2249; x_wconf 81' lang='lat' dir='ltr'>vestra</span> 
     </span>
     <span class='ocr_line' id='line_1_23' title="bbox 171 2271 1179 2358; baseline -0.003 -22"><span class='ocrx_word' id='word_1_165' title='bbox 171 2293 258 2354; x_wconf 91' lang='lat' dir='ltr'>vero,</span> <span class='ocrx_word' id='word_1_166' title='bbox 281 2293 363 2355; x_wconf 87' lang='lat' dir='ltr'>quae</span> <span class='ocrx_word' id='word_1_167' title='bbox 387 2272 512 2355; x_wconf 88' lang='lat' dir='ltr'>dicitur,</span> <span class='ocrx_word' id='word_1_168' title='bbox 535 2273 605 2336; x_wconf 90' lang='lat' dir='ltr'>vita</span> <span class='ocrx_word' id='word_1_169' title='bbox 626 2293 714 2337; x_wconf 90' lang='lat' dir='ltr'>mors</span> <span class='ocrx_word' id='word_1_170' title='bbox 738 2275 797 2336; x_wconf 90' lang='lat' dir='ltr'>est.</span> <span class='ocrx_word' id='word_1_171' title='bbox 835 2271 919 2348; x_wconf 85' lang='lat' dir='ltr'>Quin</span> <span class='ocrx_word' id='word_1_172' title='bbox 941 2276 978 2336; x_wconf 87' lang='lat' dir='ltr'>tu</span> <span class='ocrx_word' id='word_1_173' title='bbox 1002 2273 1124 2358; x_wconf 85' lang='lat' dir='ltr'>aspicis</span> <span class='ocrx_word' id='word_1_174' title='bbox 1142 2271 1179 2335; x_wconf 84' lang='lat' dir='ltr'>ad</span> 
     </span>
     <span class='ocr_line' id='line_1_24' title="bbox 172 2359 1179 2444; baseline 0.001 -21"><span class='ocrx_word' id='word_1_175' title='bbox 172 2364 205 2424; x_wconf 89' lang='lat' dir='ltr'>te</span> <span class='ocrx_word' id='word_1_176' title='bbox 235 2360 417 2426; x_wconf 89' lang='lat' dir='ltr'>venientem</span> <span class='ocrx_word' id='word_1_177' title='bbox 444 2360 582 2426; x_wconf 86' lang='lat' dir='ltr'>Paulum</span> <span class='ocrx_word' id='word_1_178' title='bbox 608 2361 758 2444; x_wconf 79' lang='lat' dir='ltr'>patrem?</span> <span class='ocrx_word' id='word_1_179' title='bbox 795 2359 898 2436; x_wconf 85' lang='lat' dir='ltr'>Quem</span> <span class='ocrx_word' id='word_1_180' title='bbox 923 2364 961 2425; x_wconf 90' lang='lat' dir='ltr'>ut</span> <span class='ocrx_word' id='word_1_181' title='bbox 983 2361 1066 2443; x_wconf 85' lang='lat' dir='ltr'>vidi,</span> <span class='ocrx_word' id='word_1_182' title='bbox 1099 2359 1179 2444; x_wconf 89' lang='lat' dir='ltr'>equi-</span> 
     </span>
     <span class='ocr_line' id='line_1_25' title="bbox 173 2448 1210 2534; baseline 0 -22"><span class='ocrx_word' id='word_1_183' title='bbox 173 2448 245 2512; x_wconf 91' lang='lat' dir='ltr'>dem</span> <span class='ocrx_word' id='word_1_184' title='bbox 263 2449 330 2513; x_wconf 89' lang='lat' dir='ltr'>vim</span> <span class='ocrx_word' id='word_1_185' title='bbox 347 2449 554 2514; x_wconf 89' lang='lat' dir='ltr'>lacrimarum</span> <span class='ocrx_word' id='word_1_186' title='bbox 572 2448 710 2532; x_wconf 82' lang='lat' dir='ltr'>profudi,</span> <span class='ocrx_word' id='word_1_187' title='bbox 727 2449 785 2511; x_wconf 92' lang='lat' dir='ltr'>ille</span> <span class='ocrx_word' id='word_1_188' title='bbox 805 2453 913 2514; x_wconf 84' lang='lat' dir='ltr'>autem</span> <span class='ocrx_word' id='word_1_189' title='bbox 927 2471 979 2514; x_wconf 93' lang='lat' dir='ltr'>me</span> <span class='ocrx_word' id='word_1_190' title='bbox 993 2450 1179 2534; x_wconf 83' lang='lat' dir='ltr'>complexus</span> <span class='ocrx_word' id='word_1_191' title='bbox 1190 2459 1210 2499; x_wconf 61' lang='grc' dir='ltr'>ὓ</span> 
     </span>
     <span class='ocr_line' id='line_1_26' title="bbox 173 2536 770 2620; baseline 0.002 -21"><span class='ocrx_word' id='word_1_192' title='bbox 173 2539 271 2620; x_wconf 88' lang='lat' dir='ltr'>atque</span> <span class='ocrx_word' id='word_1_193' title='bbox 294 2538 444 2602; x_wconf 84' lang='lat' dir='ltr'>osculana</span> <span class='ocrx_word' id='word_1_194' title='bbox 467 2537 544 2601; x_wconf 87' lang='lat' dir='ltr'>flere</span> <span class='ocrx_word' id='word_1_195' title='bbox 566 2536 770 2620; x_wconf 88' lang='lat' dir='ltr'>prohibebat.</span> 
     </span>
    </p>

    <p class='ocr_par' dir='ltr' id='par_1_6' title="bbox 120 2603 1209 3500">
     <span class='ocr_line' id='line_1_27' title="bbox 120 2603 1178 2727; baseline 0 -40"><span class='ocrx_word' id='word_1_196' title='bbox 120 2603 163 2727; x_wconf 43' lang='grc' dir='ltr'>ἐξ)</span> <span class='ocrx_word' id='word_1_197' title='bbox 239 2624 348 2708; x_wconf 84' lang='lat' dir='ltr'>Atque</span> <span class='ocrx_word' id='word_1_198' title='bbox 376 2647 436 2710; x_wconf 85' lang='lat' dir='ltr'>ego</span> <span class='ocrx_word' id='word_1_199' title='bbox 466 2629 505 2690; x_wconf 86' lang='lat' dir='ltr'>ut</span> <span class='ocrx_word' id='word_1_200' title='bbox 530 2625 671 2708; x_wconf 88' lang='lat' dir='ltr'>primurn</span> <span class='ocrx_word' id='word_1_201' title='bbox 699 2626 777 2702; x_wconf 88' lang='lat' dir='ltr'>fletu</span> <span class='ocrx_word' id='word_1_202' title='bbox 800 2647 948 2710; x_wconf 89' lang='lat' dir='ltr'>represso</span> <span class='ocrx_word' id='word_1_203' title='bbox 971 2626 1064 2709; x_wconf 90' lang='lat' dir='ltr'>loqui</span> <span class='ocrx_word' id='word_1_204' title='bbox 1086 2645 1178 2711; x_wconf 87' lang='lat' dir='ltr'>posse</span> 
     </span>
     <span class='ocr_line' id='line_1_28' title="bbox 173 2711 1178 2799; baseline -0.001 -23"><span class='ocrx_word' id='word_1_205' title='bbox 173 2713 272 2796; x_wconf 87' lang='lat' dir='ltr'>coepi,</span> <span class='ocrx_word' id='word_1_206' title='bbox 291 2711 426 2797; x_wconf 80' lang='lat' dir='ltr'>Quaeso,</span> <span class='ocrx_word' id='word_1_207' title='bbox 443 2713 586 2798; x_wconf 91' lang='lat' dir='ltr'>inquam,</span> <span class='ocrx_word' id='word_1_208' title='bbox 604 2716 698 2797; x_wconf 83' lang='lat' dir='ltr'>peter</span> <span class='ocrx_word' id='word_1_209' title='bbox 717 2714 921 2778; x_wconf 76' lang='lat' dir='ltr'>sanctissime</span> <span class='ocrx_word' id='word_1_210' title='bbox 934 2717 1034 2797; x_wconf 85' lang='lat' dir='ltr'>atque</span> <span class='ocrx_word' id='word_1_211' title='bbox 1049 2714 1178 2799; x_wconf 90' lang='lat' dir='ltr'>optime,</span> 
     </span>
     <span class='ocr_line' id='line_1_29' title="bbox 173 2799 1176 2886; baseline -0.002 -22"><span class='ocrx_word' id='word_1_212' title='bbox 173 2800 325 2883; x_wconf 87' lang='lat' dir='ltr'>quoniam</span> <span class='ocrx_word' id='word_1_213' title='bbox 342 2801 422 2867; x_wconf 84' lang='lat' dir='ltr'>haec</span> <span class='ocrx_word' id='word_1_214' title='bbox 441 2805 491 2866; x_wconf 85' lang='lat' dir='ltr'>est</span> <span class='ocrx_word' id='word_1_215' title='bbox 505 2802 581 2884; x_wconf 85' lang='lat' dir='ltr'>vita,</span> <span class='ocrx_word' id='word_1_216' title='bbox 600 2805 637 2865; x_wconf 89' lang='lat' dir='ltr'>ut</span> <span class='ocrx_word' id='word_1_217' title='bbox 651 2801 842 2866; x_wconf 83' lang='lat' dir='ltr'>Africanum</span> <span class='ocrx_word' id='word_1_218' title='bbox 857 2802 951 2867; x_wconf 83' lang='lat' dir='ltr'>audio</span> <span class='ocrx_word' id='word_1_219' title='bbox 966 2802 1082 2886; x_wconf 90' lang='lat' dir='ltr'>dicere,</span> <span class='ocrx_word' id='word_1_220' title='bbox 1102 2799 1176 2885; x_wconf 87' lang='lat' dir='ltr'>quid</span> 
     </span>
     <span class='ocr_line' id='line_1_30' title="bbox 171 2887 1209 2975; baseline 0.002 -25"><span class='ocrx_word' id='word_1_221' title='bbox 171 2908 281 2951; x_wconf 91' lang='lat' dir='ltr'>moror</span> <span class='ocrx_word' id='word_1_222' title='bbox 311 2888 347 2952; x_wconf 92' lang='lat' dir='ltr'>in</span> <span class='ocrx_word' id='word_1_223' title='bbox 378 2889 496 2954; x_wconf 79' lang='lat' dir='ltr'>terris?</span> <span class='ocrx_word' id='word_1_224' title='bbox 529 2889 608 2973; x_wconf 88' lang='lat' dir='ltr'>quin</span> <span class='ocrx_word' id='word_1_225' title='bbox 639 2889 702 2955; x_wconf 89' lang='lat' dir='ltr'>hue</span> <span class='ocrx_word' id='word_1_226' title='bbox 729 2890 770 2954; x_wconf 88' lang='lat' dir='ltr'>ad</span> <span class='ocrx_word' id='word_1_227' title='bbox 797 2912 856 2956; x_wconf 90' lang='lat' dir='ltr'>vos</span> <span class='ocrx_word' id='word_1_228' title='bbox 883 2891 992 2955; x_wconf 87' lang='lat' dir='ltr'>venire</span> <span class='ocrx_word' id='word_1_229' title='bbox 1019 2887 1209 2975; x_wconf 67' lang='lat' dir='ltr'>propero?sl</span> 
     </span>
     <span class='ocr_line' id='line_1_31' title="bbox 170 2973 1177 3063; baseline 0.003 -26"><span class='ocrx_word' id='word_1_230' title='bbox 170 2973 248 3038; x_wconf 90' lang='lat' dir='ltr'>Non</span> <span class='ocrx_word' id='word_1_231' title='bbox 271 2978 320 3038; x_wconf 89' lang='lat' dir='ltr'>est</span> <span class='ocrx_word' id='word_1_232' title='bbox 343 2975 400 3058; x_wconf 84' lang='lat' dir='ltr'>ita,</span> <span class='ocrx_word' id='word_1_233' title='bbox 422 2978 528 3063; x_wconf 88' lang='lat' dir='ltr'>inquit</span> <span class='ocrx_word' id='word_1_234' title='bbox 551 2978 616 3042; x_wconf 87' lang='lat' dir='ltr'>ille.</span> <span class='ocrx_word' id='word_1_235' title='bbox 653 2977 727 3042; x_wconf 90' lang='lat' dir='ltr'>Nisi</span> <span class='ocrx_word' id='word_1_236' title='bbox 748 2979 834 3043; x_wconf 91' lang='lat' dir='ltr'>enim</span> <span class='ocrx_word' id='word_1_237' title='bbox 853 2979 929 3043; x_wconf 87' lang='lat' dir='ltr'>deus</span> <span class='ocrx_word' id='word_1_238' title='bbox 947 2978 986 3063; x_wconf 91' lang='lat' dir='ltr'>is,</span> <span class='ocrx_word' id='word_1_239' title='bbox 1010 2979 1101 3044; x_wconf 89' lang='lat' dir='ltr'>cuius</span> <span class='ocrx_word' id='word_1_240' title='bbox 1120 2978 1177 3042; x_wconf 90' lang='lat' dir='ltr'>hoc</span> 
     </span>
     <span class='ocr_line' id='line_1_32' title="bbox 170 3063 1175 3151; baseline 0 -25"><span class='ocrx_word' id='word_1_241' title='bbox 170 3063 330 3147; x_wconf 87' lang='lat' dir='ltr'>templum</span> <span class='ocrx_word' id='word_1_242' title='bbox 357 3069 408 3129; x_wconf 85' lang='lat' dir='ltr'>est</span> <span class='ocrx_word' id='word_1_243' title='bbox 431 3088 540 3149; x_wconf 89' lang='lat' dir='ltr'>omne,</span> <span class='ocrx_word' id='word_1_244' title='bbox 571 3067 657 3149; x_wconf 90' lang='lat' dir='ltr'>quod</span> <span class='ocrx_word' id='word_1_245' title='bbox 681 3066 840 3150; x_wconf 81' lang='lat' dir='ltr'>conspicis</span> <span class='ocrx_word' id='word_1_246' title='bbox 881 3067 954 3131; x_wconf 88' lang='lat' dir='ltr'>istis</span> <span class='ocrx_word' id='word_1_247' title='bbox 976 3070 1011 3131; x_wconf 89' lang='lat' dir='ltr'>te</span> <span class='ocrx_word' id='word_1_248' title='bbox 1034 3065 1175 3151; x_wconf 89' lang='lat' dir='ltr'>corporis</span> 
     </span>
     <span class='ocr_line' id='line_1_33' title="bbox 172 3119 1174 3240; baseline -0.002 -24"><span class='ocrx_word' id='word_1_249' title='bbox 172 3152 326 3216; x_wconf 86' lang='lat' dir='ltr'>custodiis</span> <span class='ocrx_word' id='word_1_250' title='bbox 346 3153 543 3236; x_wconf 88' lang='lat' dir='ltr'>liberaverit,</span> <span class='ocrx_word' id='word_1_251' title='bbox 561 3153 623 3219; x_wconf 91' lang='lat' dir='ltr'>huo</span> <span class='ocrx_word' id='word_1_252' title='bbox 641 3155 703 3218; x_wconf 88' lang='lat' dir='ltr'>tibi</span> <span class='ocrx_word' id='word_1_253' title='bbox 722 3154 830 3220; x_wconf 90' lang='lat' dir='ltr'>aditus</span> <span class='ocrx_word' id='word_1_254' title='bbox 845 3119 959 3240; x_wconf 70' lang='lat' dir='ltr'>patere</span> <span class='ocrx_word' id='word_1_255' title='bbox 976 3177 1043 3220; x_wconf 91' lang='lat' dir='ltr'>non</span> <span class='ocrx_word' id='word_1_256' title='bbox 1061 3155 1174 3240; x_wconf 88' lang='lat' dir='ltr'>potest.</span> 
     </span>
     <span class='ocr_line' id='line_1_34' title="bbox 170 3235 1174 3328; baseline 0.002 -26"><span class='ocrx_word' id='word_1_257' title='bbox 170 3235 328 3304; x_wconf 90' lang='lat' dir='ltr'>Homines</span> <span class='ocrx_word' id='word_1_258' title='bbox 357 3241 443 3305; x_wconf 90' lang='lat' dir='ltr'>enim</span> <span class='ocrx_word' id='word_1_259' title='bbox 467 3244 542 3304; x_wconf 85' lang='lat' dir='ltr'>sunt</span> <span class='ocrx_word' id='word_1_260' title='bbox 565 3241 626 3306; x_wconf 87' lang='lat' dir='ltr'>heo</span> <span class='ocrx_word' id='word_1_261' title='bbox 649 3244 721 3328; x_wconf 86' lang='lat' dir='ltr'>lege</span> <span class='ocrx_word' id='word_1_262' title='bbox 745 3243 905 3328; x_wconf 84' lang='lat' dir='ltr'>generati,</span> <span class='ocrx_word' id='word_1_263' title='bbox 934 3244 989 3327; x_wconf 91' lang='lat' dir='ltr'>qui</span> <span class='ocrx_word' id='word_1_264' title='bbox 1011 3247 1174 3308; x_wconf 86' lang='lat' dir='ltr'>tuerentur</span> 
     </span>
     <span class='ocr_line' id='line_1_35' title="bbox 170 3325 1207 3417; baseline 0.003 -29"><span class='ocrx_word' id='word_1_265' title='bbox 170 3325 265 3388; x_wconf 91' lang='lat' dir='ltr'>illum</span> <span class='ocrx_word' id='word_1_266' title='bbox 297 3328 445 3410; x_wconf 85' lang='lat' dir='ltr'>globum,</span> <span class='ocrx_word' id='word_1_267' title='bbox 478 3349 573 3410; x_wconf 90' lang='lat' dir='ltr'>quem</span> <span class='ocrx_word' id='word_1_268' title='bbox 605 3330 640 3392; x_wconf 89' lang='lat' dir='ltr'>in</span> <span class='ocrx_word' id='word_1_269' title='bbox 668 3330 730 3395; x_wconf 89' lang='lat' dir='ltr'>hoo</span> <span class='ocrx_word' id='word_1_270' title='bbox 759 3334 883 3417; x_wconf 91' lang='lat' dir='ltr'>templo</span> <span class='ocrx_word' id='word_1_271' title='bbox 911 3332 1052 3396; x_wconf 89' lang='lat' dir='ltr'>medium</span> <span class='ocrx_word' id='word_1_272' title='bbox 1079 3331 1207 3409; x_wconf 79' lang='lat' dir='ltr'>vides,³⁵</span> 
     </span>
     <span class='ocr_line' id='line_1_36' title="bbox 172 3414 1172 3500; baseline 0.004 -26"><span class='ocrx_word' id='word_1_273' title='bbox 172 3432 254 3493; x_wconf 86' lang='lat' dir='ltr'>quae</span> <span class='ocrx_word' id='word_1_274' title='bbox 281 3415 370 3478; x_wconf 83' lang='lat' dir='ltr'>terra</span> <span class='ocrx_word' id='word_1_275' title='bbox 397 3414 527 3497; x_wconf 89' lang='lat' dir='ltr'>dicitur,</span> <span class='ocrx_word' id='word_1_276' title='bbox 556 3416 661 3500; x_wconf 89' lang='lat' dir='ltr'>iisque</span> <span class='ocrx_word' id='word_1_277' title='bbox 689 3419 816 3483; x_wconf 86' lang='lat' dir='ltr'>animus</span> <span class='ocrx_word' id='word_1_278' title='bbox 845 3421 939 3485; x_wconf 88' lang='lat' dir='ltr'>datus</span> <span class='ocrx_word' id='word_1_279' title='bbox 967 3424 1017 3484; x_wconf 88' lang='lat' dir='ltr'>est</span> <span class='ocrx_word' id='word_1_280' title='bbox 1045 3441 1083 3483; x_wconf 84' lang='lat' dir='ltr'>ex</span> <span class='ocrx_word' id='word_1_281' title='bbox 1110 3417 1172 3481; x_wconf 88' lang='lat' dir='ltr'>illis</span> 
     </span>
    </p>
   </div>
   <div class='ocr_carea' id='block_1_3' title="bbox 172 3497 1236 3614">
    <p class='ocr_par' dir='ltr' id='par_1_7' title="bbox 172 3497 1236 3614">
     <span class='ocr_line' id='line_1_37' title="bbox 172 3497 1236 3614; baseline 0.01 -55"><span class='ocrx_word' id='word_1_282' title='bbox 172 3497 378 3580; x_wconf 89' lang='lat' dir='ltr'>sempiternis</span> <span class='ocrx_word' id='word_1_283' title='bbox 409 3502 554 3586; x_wconf 85' lang='lat' dir='ltr'>ignibus,</span> <span class='ocrx_word' id='word_1_284' title='bbox 587 3525 669 3586; x_wconf 86' lang='lat' dir='ltr'>quae</span> <span class='ocrx_word' id='word_1_285' title='bbox 701 3507 808 3572; x_wconf 86' lang='lat' dir='ltr'>sidera</span> <span class='ocrx_word' id='word_1_286' title='bbox 841 3512 873 3574; x_wconf 88' lang='lat' dir='ltr'>et</span> <span class='ocrx_word' id='word_1_287' title='bbox 902 3509 1016 3573; x_wconf 83' lang='lat' dir='ltr'>stellas</span> <span class='ocrx_word' id='word_1_288' title='bbox 1043 3505 1172 3586; x_wconf 73' lang='lat' dir='ltr'>vocatia</span> <span class='ocrx_word' id='word_1_289' title='bbox 1235 3563 1236 3614; x_wconf 62' lang='lat'>,</span> 
     </span>
    </p>
   </div>
   <div class='ocr_carea' id='block_1_4' title="bbox 0 0 1264 3936">
    <p class='ocr_par' dir='ltr' id='par_1_8' title="bbox 0 0 1264 3936">
     <span class='ocr_line' id='line_1_38' title="bbox 0 0 1264 3936; baseline 0 0"><span class='ocrx_word' id='word_1_290' title='bbox 0 0 1264 3936; x_wconf 95' lang='lat' dir='ltr'> </span> 
     </span>
    </p>
   </div>
  </div>
 </body>
</html>
