2476 3936
324 169 392 223 ΜΒ.
412 169 459 226 vl.
479 168 554 224 cAP.
574 177 652 225 e-r.
672 176 687 236 e
705 177 783 226 e-a.
1010 173 1075 236 369

69 316 144 380 ilum
165 314 215 392 sit,
237 313 292 397 qui
314 333 380 378 rem
397 312 556 396 publicam
577 334 647 379 cum
664 315 841 396 prudentio,
862 315 991 394 iustitia,
1012 317 1075 398 for-

69 403 200 468 titudine
220 422 258 468 ac
279 403 485 467 moderatione
506 404 710 468 tractaoerint.
746 402 809 468 Sed
828 404 880 468 ille
897 404 1077 471 Platonicus

67 495 249 556 secretorum
271 491 384 556 relator
401 490 453 556 tn
469 491 596 572 qnondam
614 493 736 556 nomine
751 492 823 572 fnit,
844 494 969 557 natione
982 493 1076 558 Pom

62 579 191 662 peplos,
218 579 307 646 miles
328 579 443 662 officio,
470 581 525 662 qui
547 599 615 644 eum
636 579 811 646 colonibus
832 581 868 644 in
884 582 1003 662 proelio
1026 602 1076 647 oe-

43 669 160 750 ⁶ceptis
185 669 283 732 uitem
309 668 452 748 effudisse
477 669 561 732 murs
587 667 761 733 duodecimo
783 669 905 734 demum
926 671 976 735 die
997 672 1077 736 inter

67 761 179 822 ceteros
195 775 261 821 nna
272 761 443 839 peremptas
460 757 569 821 ultimo
587 761 662 822 esset
672 756 870 823 honorandus
882 759 961 840 ique,
978 760 1077 824 sulita

65 864 120 910 seu
150 849 269 927 recepta
299 846 409 910 anime
434 865 488 910 seu
513 850 643 922 rctmta,
674 845 819 928 quicquid
843 849 970 912 munus
996 849 1078 911 inter

65 937 229 1014 utramnque
250 933 347 997 eitam
368 933 473 998 diebus
495 939 597 1016 epercd
616 935 775 1013 oidermm,
798 939 957 1016 tamquam
973 936 1076 1017 piroli-

69 1041 141 1086 cum
157 1021 316 1103 professus
333 1022 484 1087 indicium
501 1022 636 1086 humano
652 1024 755 1105 pencrl
772 1024 950 1088 ermntiaott.
981 1019 1077 1088 Hanc
1175 1055 1177 1062 v

32 1123 55 1163 1⁰
65 1110 210 1264 {⁶³2le
232 1107 335 1211 (licere
358 1111 426 1176 licet
447 1110 572 1263 αἲ
508 1111 638 1176 indoctis
660 1111 835 1264 quatggdipgc
856 1112 1077 1264 scribemus

65 1203 171 1353 dull
192 1218 336 1352 llcrel'stdll
340 1218 546 1353 nllrmdllrlaedln
560 1205 663 1370 m
682 1219 996 1355 leeizoiscerlellrnlelmit.
1049 1219 1077 1265 w

134 1375 184 1441 Ac
199 1376 293 1458 prins
309 1396 404 1458 quam
421 1377 536 1442 somnii
530 1377 642 1442 uerba
660 1378 862 1460 musulamue,
884 1378 1111 1481 enodandum7
1096 1355 1115 1418 7

66 1463 229 1529 nalist
184 1468 239 1543 cst,
268 1485 290 1528 a
318 1486 376 1567 quo
399 1485 507 1548 qenere
532 1465 692 1531 lominum
717 1466 838 1532 Tullius
863 1470 1008 1531 memoret
995 1435 1111 1530 tocl⁷

32 1565 55 1606 1⁵
67 1554 198 1618 irrisam
219 1552 300 1619 Plat
287 1555 367 1620 tonis
387 1555 528 1635 fabulam
549 1554 604 1632 oet,
626 1574 665 1619 ne
685 1554 745 1619 sibi
766 1555 846 1619 idem
868 1556 993 1632 mental,
1014 1575 1078 1619 non

67 1643 173 1708 vereri.
218 1641 284 1707 Nec
310 1644 392 1708 enim
417 1641 468 1708 leis
493 1641 590 1707 uerbis
615 1641 720 1707 oult
707 1645 808 1724 mpori
809 1648 873 1706 tum
899 1603 1043 1724 oulqels
1029 1662 1077 1706 in·

68 1731 177 1813 telleqi,
194 1732 249 1796 sed
256 1752 353 1813 penus
366 1731 524 1796 lominum
537 1732 602 1796 ceri
614 1732 761 1813 iquorum
773 1731 829 1795 secl
836 1732 969 1812 peritiae
981 1734 1077 1796 oslen-

70 1821 193 1897 tatione‚
214 1821 325 1902 quippe
342 1840 416 1902 quos
433 1825 463 1884 et
480 1820 584 1902 lepisse
602 1820 680 1885 tolia
697 1823 726 1883 et
742 1820 786 1884 ad
801 1818 1077 1899 reprehendendam

69 1909 226 1974 animatos
252 1913 407 1973 constaret.
448 1907 596 1974 Dicemus
618 1909 727 1990 iqitur,
754 1912 784 1972 et
803 1927 878 1990 quos
899 1909 934 1971 in
957 1912 1079 1972 tantum

32 1996 282 2079 npnmsopnum
312 1997 426 2077 reserat
456 1999 614 2078 qnamdam
640 2017 784 2062 censurae
810 1996 974 2061 edormisse
1008 1996 1078 2060 leci

71 2090 176 2164 lolem,
204 2086 308 2168 quisue
329 2105 434 2150 eorum
455 2087 548 2150 etiam
569 2087 717 2167 scriptam
738 2084 895 2167 reliquerit
915 2085 1079 2150 cuneatio-

69 2193 154 2238 nem.
170 2223 177 2237 .
192 2222 221 2238 ..
259 2173 482 2254 Ispimreormm
510 2178 572 2238 tota
596 2175 691 2254 factio
717 2194 811 2255 aequo
837 2193 953 2257 semper
979 2193 1079 2238 errore

71 2282 93 2326 o
117 2281 188 2326 oero
219 2261 307 2326 deria
338 2266 367 2326 ct
397 2261 455 2326 illa
485 2281 601 2344 semper
627 2263 807 2326 coistimans
829 2263 970 2339 ridenda,
1001 2281 1098 2342 quae-

71 2350 201 2427 nesciat‚
227 2368 350 2414 sacrum
372 2350 513 2415 uolumen
534 2354 564 2416 'et
584 2351 804 2432 anqustiesima
825 2351 928 2414 irrisit
948 2354 1080 2413 naturae

33 2450 58 2492 2⁵
71 2439 162 2503 seria.
207 2435 323 2502 Colotes
353 2459 422 2503 vcro
453 2439 535 2502 inter
560 2438 694 2519 Epicuri
720 2439 874 2501 auditores
900 2436 1081 2516 loquacitate

70 2525 237 2592 notabilior
258 2526 351 2590 ctiam
372 2527 408 2590 in
431 2526 543 2591 librrem
564 2525 689 2604 rettulit,
712 2545 790 2606 quoe
812 2525 848 2590 ale
867 2522 922 2588 loc
939 2525 1080 2588 amorius

71 2615 233 2680 cauillatus
254 2618 305 2679 uc.
341 2611 404 2680 Sed
423 2619 528 2692 celera,
550 2634 629 2696 quae
645 2614 766 2678 iniuria
783 2612 908 2690 notuerit,
930 2612 1080 2692 siqnidem

71 2705 116 2768 ad
139 2701 307 2780 somnium,
333 2703 370 2767 de
395 2723 454 2784 quo
480 2702 823 2784 creponensem,
850 2719 914 2765 non
940 2701 1080 2778 attinent,

71 2791 127 2857 loc
154 2791 216 2856 loco
243 2790 330 2856 nolis
356 2791 523 2856 omittendo
544 2795 633 2867 seint·
660 2790 749 2854 illam
771 2789 961 2854 calumniam
977 2807 1080 2870 perse·

34 2893 59 2934 ³0
72 2899 213 2962 quemue,
244 2899 322 2961 quoe
351 2880 415 2944 nisi
445 2879 654 2961 supplodetnr,
685 2878 819 2942 manebit
846 2877 986 2944 Ciceroni
1012 2897 1082 2942 uem

72 2968 206 3034 Platane
227 2968 406 3033 communis.
440 2967 542 3032 Aila
558 2965 737 3051 philosopho
758 2965 898 3046 fabulam
915 2986 979 3031 non
997 2986 1081 3047 opor·

72 3059 167 3122 tuisse
188 3056 329 3138 consinpi
351 3057 499 3138 queniam
521 3057 642 3122 nullum
663 3055 801 3137 tipmenti
819 3055 997 3136 qeniu'oeri
1008 3073 1082 3134 pro-

70 3144 237 3226 fessoribus
263 3145 442 3210 conveniret.
484 3143 548 3210 Our
574 3144 668 3221 enim,
696 3143 809 3226 inquit,
836 3144 864 3208 si
890 3162 995 3205 rerum
1016 3161 1082 3206 coe-

73 3234 195 3300 lestium
221 3233 387 3313 notionem,
413 3233 442 3298 si
470 3232 608 3298 lubitum
629 3251 686 3297 nos
708 3233 887 3296 animorum
908 3230 1011 3295 docere
1032 3249 1082 3294 oo-

33 3336 59 3377 ³⁵
73 3323 170 3400 luisti,
191 3340 256 3387 non
277 3321 411 3402 simplici
433 3326 462 3386 ct
482 3320 622 3386 absoluta
643 3319 697 3385 leoe
715 3319 923 3385 insinuatione
940 3321 1083 3382 cenatum

72 3415 130 3488 est,
156 3410 211 3475 sed
236 3411 376 3492 quaesita
398 3429 532 3491 persono
558 3429 702 3490 casusque
724 3409 891 3490 eucoqitata
913 3407 1034 3470 nouitas
1056 3409 1085 3468 et

72 3499 240 3581 composita
261 3499 400 3564 advocati
422 3517 531 3564 scaena
552 3497 689 3585 [lpmenti
710 3497 811 3579 ipsam
833 3495 998 3577 quaerendi
1019 3493 1084 3558 neri

129 3609 184 3654 010.
197 3611 239 3653 1v.
253 3612 273 3655 e.
834 3603 868 3652 24

1202 3370 1208 3464 Ι
