<?xml version="1.0" encoding="UTF-8"?>
<!DOCTYPE html PUBLIC "-//W3C//DTD XHTML 1.0 Transitional//EN"
    "http://www.w3.org/TR/xhtml1/DTD/xhtml1-transitional.dtd">
<html xmlns="http://www.w3.org/1999/xhtml" xml:lang="en" lang="en">
 <head>
  <title>
</title>
<meta http-equiv="Content-Type" content="text/html;charset=utf-8" />
  <meta name='ocr-system' content='tesseract 3.04.00' />
  <meta name='ocr-capabilities' content='ocr_page ocr_carea ocr_par ocr_line ocrx_word'/>
</head>
<body>
  <div class='ocr_page' id='page_1' title='image "./mtulliiciceroni03mlgoog_0456.png"; bbox 0 0 2510 3936; ppageno 0'>
   <div class='ocr_carea' id='block_1_1' title="bbox 224 156 1090 227">
    <p class='ocr_par' dir='ltr' id='par_1_1' title="bbox 224 156 1090 227">
     <span class='ocr_line' id='line_1_1' title="bbox 224 156 1090 227; baseline 0.008 -16"><span class='ocrx_word' id='word_1_1' title='bbox 224 156 292 212; x_wconf 78' lang='grc' dir='ltr'>ΜΒ.</span> <span class='ocrx_word' id='word_1_2' title='bbox 311 157 346 212; x_wconf 92' lang='grc' dir='ltr'>ΙΙ.</span> <span class='ocrx_word' id='word_1_3' title='bbox 365 156 635 225; x_wconf 84' lang='lat' dir='ltr'>ARGUMENTUM,</span> <span class='ocrx_word' id='word_1_4' title='bbox 659 157 734 213; x_wconf 86' lang='lat' dir='ltr'>CAP.</span> <span class='ocrx_word' id='word_1_5' title='bbox 755 165 779 226; x_wconf 92' lang='lat'>1,</span> <span class='ocrx_word' id='word_1_6' title='bbox 799 165 823 214; x_wconf 77' lang='lat'>2.</span> <span class='ocrx_word' id='word_1_7' title='bbox 842 166 857 226; x_wconf 66' lang='grc' dir='ltr'>ξ</span> <span class='ocrx_word' id='word_1_8' title='bbox 877 167 954 227; x_wconf 61' lang='grc'><strong>1-4.</strong></span> <span class='ocrx_word' id='word_1_9' title='bbox 1024 161 1090 226; x_wconf 86' lang='grc'>405</span> 
     </span>
    </p>
   </div>
   <div class='ocr_carea' id='block_1_2' title="bbox 82 259 1090 388">
    <p class='ocr_par' dir='ltr' id='par_1_2' title="bbox 82 259 1090 388">
     <span class='ocr_line' id='line_1_2' title="bbox 82 259 1090 388; baseline 0.003 -21"><span class='ocrx_word' id='word_1_10' title='bbox 82 259 170 387; x_wconf 90' lang='lat' dir='ltr'>quos</span> <span class='ocrx_word' id='word_1_11' title='bbox 191 300 249 366; x_wconf 91' lang='lat' dir='ltr'>isti</span> <span class='ocrx_word' id='word_1_12' title='bbox 275 300 371 367; x_wconf 84' lang='lat' dir='ltr'><strong>Nilos</strong></span> <span class='ocrx_word' id='word_1_13' title='bbox 400 305 433 366; x_wconf 93' lang='lat' dir='ltr'>et</span> <span class='ocrx_word' id='word_1_14' title='bbox 454 299 596 386; x_wconf 79' lang='lat' dir='ltr'><strong>Euripos</strong></span> <span class='ocrx_word' id='word_1_15' title='bbox 623 306 755 386; x_wconf 81' lang='lat' dir='ltr'>vocant,</span> <span class='ocrx_word' id='word_1_16' title='bbox 784 269 856 387; x_wconf 83' lang='lat' dir='ltr'>quis</span> <span class='ocrx_word' id='word_1_17' title='bbox 882 327 962 388; x_wconf 93' lang='lat' dir='ltr'>non,</span> <span class='ocrx_word' id='word_1_18' title='bbox 991 326 1090 388; x_wconf 91' lang='lat' dir='ltr'>quom</span> 
     </span>
    </p>
   </div>
   <div class='ocr_carea' id='block_1_3' title="bbox 41 389 1124 3559">
    <p class='ocr_par' dir='ltr' id='par_1_3' title="bbox 41 389 1124 3559">
     <span class='ocr_line' id='line_1_3' title="bbox 81 389 1090 476; baseline 0.002 -20"><span class='ocrx_word' id='word_1_19' title='bbox 81 391 163 456; x_wconf 89' lang='lat' dir='ltr'>haec</span> <span class='ocrx_word' id='word_1_20' title='bbox 190 389 312 474; x_wconf 87' lang='lat' dir='ltr'>videat,</span> <span class='ocrx_word' id='word_1_21' title='bbox 338 389 505 456; x_wconf 81' lang='lat' dir='ltr'>inriserit?</span> <span class='ocrx_word' id='word_1_22' title='bbox 541 389 669 474; x_wconf 90' lang='lat' dir='ltr'>Itaque,</span> <span class='ocrx_word' id='word_1_23' title='bbox 695 393 733 455; x_wconf 93' lang='lat' dir='ltr'>ut</span> <span class='ocrx_word' id='word_1_24' title='bbox 759 393 796 456; x_wconf 93' lang='lat' dir='ltr'>tu</span> <span class='ocrx_word' id='word_1_25' title='bbox 822 393 920 476; x_wconf 90' lang='lat' dir='ltr'>paulo</span> <span class='ocrx_word' id='word_1_26' title='bbox 948 396 1023 458; x_wconf 91' lang='lat' dir='ltr'>ante</span> <span class='ocrx_word' id='word_1_27' title='bbox 1051 393 1090 458; x_wconf 92' lang='lat' dir='ltr'>de</span> 
     </span>
     <span class='ocr_line' id='line_1_4' title="bbox 81 477 1090 566; baseline 0.002 -24"><span class='ocrx_word' id='word_1_28' title='bbox 81 479 155 565; x_wconf 81' lang='lat' dir='ltr'>lege</span> <span class='ocrx_word' id='word_1_29' title='bbox 178 482 211 543; x_wconf 91' lang='lat' dir='ltr'>et</span> <span class='ocrx_word' id='word_1_30' title='bbox 234 478 273 543; x_wconf 89' lang='lat' dir='ltr'>de</span> <span class='ocrx_word' id='word_1_31' title='bbox 291 478 361 543; x_wconf 90' lang='lat' dir='ltr'>iure</span> <span class='ocrx_word' id='word_1_32' title='bbox 380 477 541 544; x_wconf 89' lang='lat' dir='ltr'>disserens</span> <span class='ocrx_word' id='word_1_33' title='bbox 561 477 602 542; x_wconf 92' lang='lat' dir='ltr'>ad</span> <span class='ocrx_word' id='word_1_34' title='bbox 619 482 771 544; x_wconf 89' lang='lat' dir='ltr'>naturam</span> <span class='ocrx_word' id='word_1_35' title='bbox 789 480 952 546; x_wconf 76' lang='lat' dir='ltr'><strong>referebas</strong></span> <span class='ocrx_word' id='word_1_36' title='bbox 971 481 1090 566; x_wconf 89' lang='lat' dir='ltr'>omnia,</span> 
     </span>
     <span class='ocr_line' id='line_1_5' title="bbox 81 565 1090 650; baseline 0.001 -18"><span class='ocrx_word' id='word_1_37' title='bbox 81 567 126 633; x_wconf 92' lang='lat' dir='ltr'>sic</span> <span class='ocrx_word' id='word_1_38' title='bbox 154 567 189 630; x_wconf 90' lang='lat' dir='ltr'>in</span> <span class='ocrx_word' id='word_1_39' title='bbox 216 565 268 630; x_wconf 91' lang='lat' dir='ltr'>his</span> <span class='ocrx_word' id='word_1_40' title='bbox 295 565 376 650; x_wconf 91' lang='lat' dir='ltr'>ipsis</span> <span class='ocrx_word' id='word_1_41' title='bbox 403 567 513 649; x_wconf 88' lang='lat' dir='ltr'>rebus,</span> <span class='ocrx_word' id='word_1_42' title='bbox 541 588 624 650; x_wconf 88' lang='lat' dir='ltr'>quae</span> <span class='ocrx_word' id='word_1_43' title='bbox 652 567 693 630; x_wconf 93' lang='lat' dir='ltr'>ad</span> <span class='ocrx_word' id='word_1_44' title='bbox 714 568 893 650; x_wconf 83' lang='lat' dir='ltr'>requietem</span> <span class='ocrx_word' id='word_1_45' title='bbox 916 570 1023 634; x_wconf 88' lang='lat' dir='ltr'>animi</span> <span class='ocrx_word' id='word_1_46' title='bbox 1038 568 1090 633; x_wconf 90' lang='lat' dir='ltr'>de-</span> 
     </span>
     <span class='ocr_line' id='line_1_6' title="bbox 53 654 1090 738; baseline 0.008 -24"><span class='ocrx_word' id='word_1_47' title='bbox 53 654 354 738; x_wconf 80' lang='lat' dir='ltr'>slectationemque</span> <span class='ocrx_word' id='word_1_48' title='bbox 377 657 585 738; x_wconf 85' lang='lat' dir='ltr'>quaeruntur,</span> <span class='ocrx_word' id='word_1_49' title='bbox 608 657 727 720; x_wconf 87' lang='lat' dir='ltr'>natura</span> <span class='ocrx_word' id='word_1_50' title='bbox 750 655 943 722; x_wconf 87' lang='lat' dir='ltr'>dominatur.</span> <span class='ocrx_word' id='word_1_51' title='bbox 984 656 1090 732; x_wconf 83' lang='lat' dir='ltr'>Quare</span> 
     </span>
     <span class='ocr_line' id='line_1_7' title="bbox 80 741 1091 830; baseline 0.002 -22"><span class='ocrx_word' id='word_1_52' title='bbox 80 748 179 830; x_wconf 86' lang='lat' dir='ltr'>antea</span> <span class='ocrx_word' id='word_1_53' title='bbox 207 742 352 808; x_wconf 88' lang='lat' dir='ltr'>mirabar</span> <span class='ocrx_word' id='word_1_54' title='bbox 379 741 476 828; x_wconf 86' lang='lat' dir='ltr'>(nihil</span> <span class='ocrx_word' id='word_1_55' title='bbox 504 742 590 807; x_wconf 88' lang='lat' dir='ltr'>enim</span> <span class='ocrx_word' id='word_1_56' title='bbox 617 743 669 808; x_wconf 90' lang='lat' dir='ltr'>his</span> <span class='ocrx_word' id='word_1_57' title='bbox 696 743 730 808; x_wconf 90' lang='lat' dir='ltr'>in</span> <span class='ocrx_word' id='word_1_58' title='bbox 757 743 837 810; x_wconf 91' lang='lat' dir='ltr'>locis</span> <span class='ocrx_word' id='word_1_59' title='bbox 864 746 928 810; x_wconf 90' lang='lat' dir='ltr'>nisi</span> <span class='ocrx_word' id='word_1_60' title='bbox 956 768 1035 810; x_wconf 87' lang='lat' dir='ltr'>saxa</span> <span class='ocrx_word' id='word_1_61' title='bbox 1058 749 1091 810; x_wconf 91' lang='lat' dir='ltr'>et</span> 
     </span>
     <span class='ocr_line' id='line_1_8' title="bbox 79 830 1089 916; baseline 0.001 -19"><span class='ocrx_word' id='word_1_62' title='bbox 79 835 209 897; x_wconf 88' lang='lat' dir='ltr'>montes</span> <span class='ocrx_word' id='word_1_63' title='bbox 233 830 432 916; x_wconf 72' lang='lat' dir='ltr'>cogitabam,</span> <span class='ocrx_word' id='word_1_64' title='bbox 459 830 569 914; x_wconf 89' lang='lat' dir='ltr'>itaque</span> <span class='ocrx_word' id='word_1_65' title='bbox 592 834 629 895; x_wconf 94' lang='lat' dir='ltr'>ut</span> <span class='ocrx_word' id='word_1_66' title='bbox 651 830 805 915; x_wconf 86' lang='lat' dir='ltr'>facerem,</span> <span class='ocrx_word' id='word_1_67' title='bbox 832 837 865 897; x_wconf 90' lang='lat' dir='ltr'>et</span> <span class='ocrx_word' id='word_1_68' title='bbox 888 833 1089 898; x_wconf 88' lang='lat' dir='ltr'>orationibus</span> 
     </span>
     <span class='ocr_line' id='line_1_9' title="bbox 79 917 1090 1005; baseline 0 -20"><span class='ocrx_word' id='word_1_69' title='bbox 79 919 257 986; x_wconf 85' lang='lat' dir='ltr'>inducebar</span> <span class='ocrx_word' id='word_1_70' title='bbox 277 919 344 984; x_wconf 88' lang='lat' dir='ltr'>tuis</span> <span class='ocrx_word' id='word_1_71' title='bbox 368 922 401 983; x_wconf 91' lang='lat' dir='ltr'>et</span> <span class='ocrx_word' id='word_1_72' title='bbox 422 917 600 1005; x_wconf 84' lang='lat' dir='ltr'>versibus),</span> <span class='ocrx_word' id='word_1_73' title='bbox 628 920 684 984; x_wconf 89' lang='lat' dir='ltr'>sed</span> <span class='ocrx_word' id='word_1_74' title='bbox 706 920 864 1004; x_wconf 87' lang='lat' dir='ltr'>mirabar,</span> <span class='ocrx_word' id='word_1_75' title='bbox 890 925 928 986; x_wconf 90' lang='lat' dir='ltr'>ut</span> <span class='ocrx_word' id='word_1_76' title='bbox 950 921 1029 1005; x_wconf 86' lang='lat' dir='ltr'>dixi,</span> <span class='ocrx_word' id='word_1_77' title='bbox 1056 925 1090 985; x_wconf 89' lang='lat' dir='ltr'>te</span> 
     </span>
     <span class='ocr_line' id='line_1_10' title="bbox 79 1007 1090 1092; baseline 0 -20"><span class='ocrx_word' id='word_1_78' title='bbox 79 1011 151 1074; x_wconf 90' lang='lat' dir='ltr'>tam</span> <span class='ocrx_word' id='word_1_79' title='bbox 178 1007 272 1073; x_wconf 87' lang='lat' dir='ltr'>valde</span> <span class='ocrx_word' id='word_1_80' title='bbox 298 1007 361 1072; x_wconf 90' lang='lat' dir='ltr'>boc</span> <span class='ocrx_word' id='word_1_81' title='bbox 387 1007 459 1072; x_wconf 93' lang='lat' dir='ltr'>loco</span> <span class='ocrx_word' id='word_1_82' title='bbox 488 1007 655 1089; x_wconf 83' lang='lat' dir='ltr'>delectari3</span> <span class='ocrx_word' id='word_1_83' title='bbox 681 1028 766 1073; x_wconf 91' lang='lat' dir='ltr'>nunc</span> <span class='ocrx_word' id='word_1_84' title='bbox 789 1013 902 1074; x_wconf 90' lang='lat' dir='ltr'>contra</span> <span class='ocrx_word' id='word_1_85' title='bbox 925 1009 1025 1074; x_wconf 90' lang='lat' dir='ltr'>miror</span> <span class='ocrx_word' id='word_1_86' title='bbox 1048 1013 1090 1092; x_wconf 87' lang='lat' dir='ltr'>te,</span> 
     </span>
     <span class='ocr_line' id='line_1_11' title="bbox 41 1095 1124 1182; baseline 0.007 -27"><span class='ocrx_word' id='word_1_87' title='bbox 41 1117 67 1155; x_wconf 84' lang='lat' dir='ltr'>ro</span> <span class='ocrx_word' id='word_1_88' title='bbox 81 1117 180 1180; x_wconf 91' lang='lat' dir='ltr'>quom</span> <span class='ocrx_word' id='word_1_89' title='bbox 198 1095 303 1161; x_wconf 87' lang='lat' dir='ltr'>Roma</span> <span class='ocrx_word' id='word_1_90' title='bbox 326 1095 424 1179; x_wconf 89' lang='lat' dir='ltr'>absis,</span> <span class='ocrx_word' id='word_1_91' title='bbox 446 1104 585 1178; x_wconf 89' lang='lat' dir='ltr'>usquam</span> <span class='ocrx_word' id='word_1_92' title='bbox 602 1095 712 1180; x_wconf 87' lang='lat' dir='ltr'>potius</span> <span class='ocrx_word' id='word_1_93' title='bbox 732 1117 810 1160; x_wconf 84' lang='lat' dir='ltr'>esse.</span> <span class='ocrx_word' id='word_1_94' title='bbox 845 1098 895 1162; x_wconf 84' lang='lat' dir='ltr'>M.</span> <span class='ocrx_word' id='word_1_95' title='bbox 911 1096 984 1182; x_wconf 81' lang='lat' dir='ltr'>Ego</span> <span class='ocrx_word' id='word_1_96' title='bbox 1003 1119 1089 1180; x_wconf 87' lang='lat' dir='ltr'>vero,</span> <span class='ocrx_word' id='word_1_97' title='bbox 1108 1115 1124 1163; x_wconf 85' lang='lat'><strong>3</strong></span> 
     </span>
     <span class='ocr_line' id='line_1_12' title="bbox 81 1182 1090 1270; baseline 0 -21"><span class='ocrx_word' id='word_1_98' title='bbox 81 1206 181 1268; x_wconf 92' lang='lat' dir='ltr'>quom</span> <span class='ocrx_word' id='word_1_99' title='bbox 203 1183 280 1248; x_wconf 89' lang='lat' dir='ltr'>licet</span> <span class='ocrx_word' id='word_1_100' title='bbox 297 1183 402 1268; x_wconf 89' lang='lat' dir='ltr'>pluris</span> <span class='ocrx_word' id='word_1_101' title='bbox 421 1183 488 1249; x_wconf 89' lang='lat' dir='ltr'>dies</span> <span class='ocrx_word' id='word_1_102' title='bbox 508 1182 629 1266; x_wconf 90' lang='lat' dir='ltr'>abesse,</span> <span class='ocrx_word' id='word_1_103' title='bbox 652 1184 845 1267; x_wconf 87' lang='lat' dir='ltr'>praesertim</span> <span class='ocrx_word' id='word_1_104' title='bbox 863 1184 925 1250; x_wconf 92' lang='lat' dir='ltr'>hoc</span> <span class='ocrx_word' id='word_1_105' title='bbox 943 1189 1090 1270; x_wconf 89' lang='lat' dir='ltr'>tempore</span> 
     </span>
     <span class='ocr_line' id='line_1_13' title="bbox 81 1271 1090 1357; baseline -0.002 -19"><span class='ocrx_word' id='word_1_106' title='bbox 81 1272 172 1357; x_wconf 87' lang='lat' dir='ltr'>anni,</span> <span class='ocrx_word' id='word_1_107' title='bbox 205 1274 238 1336; x_wconf 90' lang='lat' dir='ltr'>et</span> <span class='ocrx_word' id='word_1_108' title='bbox 271 1271 503 1336; x_wconf 83' lang='lat' dir='ltr'>amoenitatem</span> <span class='ocrx_word' id='word_1_109' title='bbox 535 1275 568 1336; x_wconf 88' lang='lat' dir='ltr'>et</span> <span class='ocrx_word' id='word_1_110' title='bbox 600 1271 827 1337; x_wconf 83' lang='lat' dir='ltr'>salubritatem</span> <span class='ocrx_word' id='word_1_111' title='bbox 853 1272 937 1339; x_wconf 90' lang='lat' dir='ltr'>banc</span> <span class='ocrx_word' id='word_1_112' title='bbox 964 1294 1090 1357; x_wconf 89' lang='lat' dir='ltr'>sequor,</span> 
     </span>
     <span class='ocr_line' id='line_1_14' title="bbox 80 1356 1090 1445; baseline 0.001 -20"><span class='ocrx_word' id='word_1_113' title='bbox 80 1382 156 1427; x_wconf 86' lang='lat' dir='ltr'>raro</span> <span class='ocrx_word' id='word_1_114' title='bbox 180 1363 288 1424; x_wconf 90' lang='lat' dir='ltr'>autem</span> <span class='ocrx_word' id='word_1_115' title='bbox 311 1359 397 1424; x_wconf 88' lang='lat' dir='ltr'>licet.</span> <span class='ocrx_word' id='word_1_116' title='bbox 433 1356 496 1424; x_wconf 83' lang='lat' dir='ltr'>Sed</span> <span class='ocrx_word' id='word_1_117' title='bbox 518 1359 671 1442; x_wconf 88' lang='lat' dir='ltr'>nimirum</span> <span class='ocrx_word' id='word_1_118' title='bbox 692 1360 828 1425; x_wconf 90' lang='lat' dir='ltr'>mealia</span> <span class='ocrx_word' id='word_1_119' title='bbox 848 1383 1090 1445; x_wconf 89' lang='lat' dir='ltr'>quoquecausa</span> 
     </span>
     <span class='ocr_line' id='line_1_15' title="bbox 81 1447 1090 1533; baseline 0.002 -20"><span class='ocrx_word' id='word_1_120' title='bbox 81 1449 231 1533; x_wconf 84' lang='lat' dir='ltr'>delectat,</span> <span class='ocrx_word' id='word_1_121' title='bbox 250 1468 330 1531; x_wconf 90' lang='lat' dir='ltr'>quae</span> <span class='ocrx_word' id='word_1_122' title='bbox 350 1451 382 1512; x_wconf 90' lang='lat' dir='ltr'>te</span> <span class='ocrx_word' id='word_1_123' title='bbox 400 1469 466 1513; x_wconf 91' lang='lat' dir='ltr'>non</span> <span class='ocrx_word' id='word_1_124' title='bbox 486 1447 631 1532; x_wconf 88' lang='lat' dir='ltr'>attingit,</span> <span class='ocrx_word' id='word_1_125' title='bbox 649 1447 731 1512; x_wconf 84' lang='lat' dir='ltr'>Tite.</span> <span class='ocrx_word' id='word_1_126' title='bbox 758 1449 833 1516; x_wconf 82' lang='lat' dir='ltr'>Arr.</span> <span class='ocrx_word' id='word_1_127' title='bbox 849 1448 937 1524; x_wconf 84' lang='lat' dir='ltr'>Quae</span> <span class='ocrx_word' id='word_1_128' title='bbox 957 1449 1090 1515; x_wconf 89' lang='lat' dir='ltr'>taudem</span> 
     </span>
     <span class='ocr_line' id='line_1_16' title="bbox 43 1532 1090 1620; baseline 0.005 -25"><span class='ocrx_word' id='word_1_129' title='bbox 43 1555 68 1596; x_wconf 82' lang='lat'>1⁵</span> <span class='ocrx_word' id='word_1_130' title='bbox 80 1537 147 1601; x_wconf 89' lang='lat' dir='ltr'>ista</span> <span class='ocrx_word' id='word_1_131' title='bbox 170 1557 268 1602; x_wconf 89' lang='lat' dir='ltr'>causa</span> <span class='ocrx_word' id='word_1_132' title='bbox 291 1535 362 1600; x_wconf 84' lang='lat' dir='ltr'>est?</span> <span class='ocrx_word' id='word_1_133' title='bbox 397 1536 447 1600; x_wconf 85' lang='lat' dir='ltr'>M.</span> <span class='ocrx_word' id='word_1_134' title='bbox 469 1532 561 1618; x_wconf 91' lang='lat' dir='ltr'>Quia,</span> <span class='ocrx_word' id='word_1_135' title='bbox 584 1535 613 1600; x_wconf 95' lang='lat' dir='ltr'>si</span> <span class='ocrx_word' id='word_1_136' title='bbox 634 1557 746 1600; x_wconf 84' lang='lat' dir='ltr'>verum</span> <span class='ocrx_word' id='word_1_137' title='bbox 770 1536 914 1620; x_wconf 80' lang='lat' dir='ltr'>dicimus,</span> <span class='ocrx_word' id='word_1_138' title='bbox 936 1536 1016 1602; x_wconf 90' lang='lat' dir='ltr'>haec</span> <span class='ocrx_word' id='word_1_139' title='bbox 1039 1541 1090 1602; x_wconf 91' lang='lat' dir='ltr'>est</span> 
     </span>
     <span class='ocr_line' id='line_1_17' title="bbox 81 1622 1089 1709; baseline -0.001 -19"><span class='ocrx_word' id='word_1_140' title='bbox 81 1646 155 1690; x_wconf 87' lang='lat' dir='ltr'>mea</span> <span class='ocrx_word' id='word_1_141' title='bbox 182 1628 215 1689; x_wconf 91' lang='lat' dir='ltr'>et</span> <span class='ocrx_word' id='word_1_142' title='bbox 243 1623 340 1689; x_wconf 91' lang='lat' dir='ltr'>huius</span> <span class='ocrx_word' id='word_1_143' title='bbox 367 1623 480 1688; x_wconf 88' lang='lat' dir='ltr'>fratris</span> <span class='ocrx_word' id='word_1_144' title='bbox 508 1622 573 1688; x_wconf 90' lang='lat' dir='ltr'>mei</span> <span class='ocrx_word' id='word_1_145' title='bbox 600 1644 754 1709; x_wconf 88' lang='lat' dir='ltr'>germana</span> <span class='ocrx_word' id='word_1_146' title='bbox 776 1624 896 1708; x_wconf 82' lang='lat' dir='ltr'>patria3</span> <span class='ocrx_word' id='word_1_147' title='bbox 927 1624 981 1689; x_wconf 88' lang='lat' dir='ltr'>hio</span> <span class='ocrx_word' id='word_1_148' title='bbox 1005 1625 1089 1690; x_wconf 88' lang='lat' dir='ltr'>enim</span> 
     </span>
     <span class='ocr_line' id='line_1_18' title="bbox 82 1710 1090 1798; baseline -0.002 -20"><span class='ocrx_word' id='word_1_149' title='bbox 82 1712 149 1779; x_wconf 89' lang='lat' dir='ltr'>orti</span> <span class='ocrx_word' id='word_1_150' title='bbox 171 1711 274 1796; x_wconf 87' lang='lat' dir='ltr'>stirpe</span> <span class='ocrx_word' id='word_1_151' title='bbox 297 1711 524 1795; x_wconf 87' lang='lat' dir='ltr'>antiquissima</span> <span class='ocrx_word' id='word_1_152' title='bbox 547 1732 670 1794; x_wconf 92' lang='lat' dir='ltr'>sumus,</span> <span class='ocrx_word' id='word_1_153' title='bbox 697 1710 750 1776; x_wconf 90' lang='lat' dir='ltr'>hic</span> <span class='ocrx_word' id='word_1_154' title='bbox 773 1733 879 1796; x_wconf 87' lang='lat' dir='ltr'>sacra,</span> <span class='ocrx_word' id='word_1_155' title='bbox 902 1711 955 1776; x_wconf 91' lang='lat' dir='ltr'>hic</span> <span class='ocrx_word' id='word_1_156' title='bbox 979 1733 1090 1798; x_wconf 86' lang='lat' dir='ltr'>genus,</span> 
     </span>
     <span class='ocr_line' id='line_1_19' title="bbox 81 1798 1089 1884; baseline -0.003 -17"><span class='ocrx_word' id='word_1_157' title='bbox 81 1801 136 1867; x_wconf 90' lang='lat' dir='ltr'>hic</span> <span class='ocrx_word' id='word_1_158' title='bbox 159 1800 318 1866; x_wconf 90' lang='lat' dir='ltr'>maiorum</span> <span class='ocrx_word' id='word_1_159' title='bbox 341 1799 446 1864; x_wconf 89' lang='lat' dir='ltr'>multa</span> <span class='ocrx_word' id='word_1_160' title='bbox 468 1799 616 1884; x_wconf 82' lang='lat' dir='ltr'>vestigia.</span> <span class='ocrx_word' id='word_1_161' title='bbox 653 1798 737 1873; x_wconf 83' lang='lat' dir='ltr'>Quid</span> <span class='ocrx_word' id='word_1_162' title='bbox 758 1799 875 1883; x_wconf 81' lang='lat' dir='ltr'>plura?</span> <span class='ocrx_word' id='word_1_163' title='bbox 898 1799 981 1864; x_wconf 93' lang='lat' dir='ltr'>hanc</span> <span class='ocrx_word' id='word_1_164' title='bbox 999 1800 1089 1864; x_wconf 90' lang='lat' dir='ltr'>vides</span> 
     </span>
     <span class='ocr_line' id='line_1_20' title="bbox 82 1887 1090 1974; baseline -0.001 -21"><span class='ocrx_word' id='word_1_165' title='bbox 82 1889 205 1972; x_wconf 88' lang='lat' dir='ltr'>villam,</span> <span class='ocrx_word' id='word_1_166' title='bbox 227 1891 265 1952; x_wconf 93' lang='lat' dir='ltr'>ut</span> <span class='ocrx_word' id='word_1_167' title='bbox 286 1907 372 1952; x_wconf 89' lang='lat' dir='ltr'>nunc</span> <span class='ocrx_word' id='word_1_168' title='bbox 396 1887 525 1971; x_wconf 91' lang='lat' dir='ltr'>quidem</span> <span class='ocrx_word' id='word_1_169' title='bbox 544 1890 603 1970; x_wconf 89' lang='lat' dir='ltr'>est,</span> <span class='ocrx_word' id='word_1_170' title='bbox 626 1887 746 1951; x_wconf 86' lang='lat' dir='ltr'>lautius</span> <span class='ocrx_word' id='word_1_171' title='bbox 766 1887 967 1952; x_wconf 89' lang='lat' dir='ltr'>aedificatam</span> <span class='ocrx_word' id='word_1_172' title='bbox 985 1888 1090 1974; x_wconf 89' lang='lat' dir='ltr'>patris</span> 
     </span>
     <span class='ocr_line' id='line_1_21' title="bbox 44 1974 1091 2059; baseline 0.006 -24"><span class='ocrx_word' id='word_1_173' title='bbox 44 1995 69 2035; x_wconf 81' lang='lat' dir='ltr'>ao</span> <span class='ocrx_word' id='word_1_174' title='bbox 82 1976 189 2042; x_wconf 89' lang='lat' dir='ltr'>nostri</span> <span class='ocrx_word' id='word_1_175' title='bbox 212 1975 334 2058; x_wconf 88' lang='lat' dir='ltr'>studio,</span> <span class='ocrx_word' id='word_1_176' title='bbox 359 1976 415 2058; x_wconf 92' lang='lat' dir='ltr'>qui</span> <span class='ocrx_word' id='word_1_177' title='bbox 438 1997 536 2058; x_wconf 91' lang='lat' dir='ltr'>quom</span> <span class='ocrx_word' id='word_1_178' title='bbox 560 1977 645 2039; x_wconf 88' lang='lat' dir='ltr'>esset</span> <span class='ocrx_word' id='word_1_179' title='bbox 667 1974 796 2039; x_wconf 88' lang='lat' dir='ltr'>infirma</span> <span class='ocrx_word' id='word_1_180' title='bbox 818 1975 1015 2059; x_wconf 90' lang='lat' dir='ltr'>valetudine,</span> <span class='ocrx_word' id='word_1_181' title='bbox 1038 1975 1091 2041; x_wconf 90' lang='lat' dir='ltr'>hic</span> 
     </span>
     <span class='ocr_line' id='line_1_22' title="bbox 82 2060 1091 2149; baseline -0.001 -19"><span class='ocrx_word' id='word_1_182' title='bbox 82 2065 150 2130; x_wconf 89' lang='lat' dir='ltr'>fere</span> <span class='ocrx_word' id='word_1_183' title='bbox 178 2066 321 2128; x_wconf 88' lang='lat' dir='ltr'>aetatem</span> <span class='ocrx_word' id='word_1_184' title='bbox 348 2063 416 2149; x_wconf 84' lang='lat' dir='ltr'>egit</span> <span class='ocrx_word' id='word_1_185' title='bbox 443 2063 477 2127; x_wconf 93' lang='lat' dir='ltr'>in</span> <span class='ocrx_word' id='word_1_186' title='bbox 504 2063 633 2127; x_wconf 91' lang='lat' dir='ltr'>litteris.</span> <span class='ocrx_word' id='word_1_187' title='bbox 672 2060 734 2126; x_wconf 84' lang='lat' dir='ltr'>Sed</span> <span class='ocrx_word' id='word_1_188' title='bbox 760 2063 822 2128; x_wconf 91' lang='lat' dir='ltr'>hoc</span> <span class='ocrx_word' id='word_1_189' title='bbox 848 2064 920 2148; x_wconf 89' lang='lat' dir='ltr'>ipso</span> <span class='ocrx_word' id='word_1_190' title='bbox 948 2064 982 2128; x_wconf 92' lang='lat' dir='ltr'>in</span> <span class='ocrx_word' id='word_1_191' title='bbox 1009 2064 1091 2148; x_wconf 92' lang='lat' dir='ltr'>loco,</span> 
     </span>
     <span class='ocr_line' id='line_1_23' title="bbox 84 2147 1090 2237; baseline -0.003 -19"><span class='ocrx_word' id='word_1_192' title='bbox 84 2175 182 2237; x_wconf 92' lang='lat' dir='ltr'>quom</span> <span class='ocrx_word' id='word_1_193' title='bbox 205 2173 284 2217; x_wconf 85' lang='lat' dir='ltr'>avos</span> <span class='ocrx_word' id='word_1_194' title='bbox 307 2151 432 2216; x_wconf 80' lang='lat' dir='ltr'>viveret</span> <span class='ocrx_word' id='word_1_195' title='bbox 454 2155 488 2215; x_wconf 90' lang='lat' dir='ltr'>et</span> <span class='ocrx_word' id='word_1_196' title='bbox 501 2150 645 2234; x_wconf 83' lang='lat' dir='ltr'>&#39;antiquo</span> <span class='ocrx_word' id='word_1_197' title='bbox 668 2172 757 2216; x_wconf 90' lang='lat' dir='ltr'>more</span> <span class='ocrx_word' id='word_1_198' title='bbox 777 2173 880 2236; x_wconf 87' lang='lat' dir='ltr'>parva</span> <span class='ocrx_word' id='word_1_199' title='bbox 898 2155 984 2217; x_wconf 91' lang='lat' dir='ltr'>esset</span> <span class='ocrx_word' id='word_1_200' title='bbox 1001 2147 1090 2236; x_wconf 83' lang='lat' dir='ltr'>villa,</span> 
     </span>
     <span class='ocr_line' id='line_1_24' title="bbox 83 2236 1091 2321; baseline -0.001 -16"><span class='ocrx_word' id='word_1_201' title='bbox 83 2245 120 2305; x_wconf 90' lang='lat' dir='ltr'>ut</span> <span class='ocrx_word' id='word_1_202' title='bbox 138 2240 197 2306; x_wconf 90' lang='lat' dir='ltr'>illa</span> <span class='ocrx_word' id='word_1_203' title='bbox 211 2238 352 2305; x_wconf 82' lang='lat' dir='ltr'>Curiana</span> <span class='ocrx_word' id='word_1_204' title='bbox 369 2239 405 2303; x_wconf 92' lang='lat' dir='ltr'>in</span> <span class='ocrx_word' id='word_1_205' title='bbox 419 2236 558 2321; x_wconf 83' lang='lat' dir='ltr'>Sabinis,</span> <span class='ocrx_word' id='word_1_206' title='bbox 576 2261 628 2304; x_wconf 92' lang='lat' dir='ltr'>me</span> <span class='ocrx_word' id='word_1_207' title='bbox 647 2239 727 2304; x_wconf 89' lang='lat' dir='ltr'>scito</span> <span class='ocrx_word' id='word_1_208' title='bbox 747 2260 817 2304; x_wconf 89' lang='lat' dir='ltr'>esse</span> <span class='ocrx_word' id='word_1_209' title='bbox 834 2243 957 2305; x_wconf 89' lang='lat' dir='ltr'>natum.</span> <span class='ocrx_word' id='word_1_210' title='bbox 985 2237 1091 2315; x_wconf 88' lang='lat' dir='ltr'>Quare</span> 
     </span>
     <span class='ocr_line' id='line_1_25' title="bbox 83 2326 1091 2413; baseline -0.001 -20"><span class='ocrx_word' id='word_1_211' title='bbox 83 2329 169 2394; x_wconf 90' lang='lat' dir='ltr'>inest</span> <span class='ocrx_word' id='word_1_212' title='bbox 199 2327 308 2393; x_wconf 90' lang='lat' dir='ltr'>nescio</span> <span class='ocrx_word' id='word_1_213' title='bbox 342 2326 419 2411; x_wconf 94' lang='lat' dir='ltr'>quid</span> <span class='ocrx_word' id='word_1_214' title='bbox 450 2330 483 2391; x_wconf 90' lang='lat' dir='ltr'>et</span> <span class='ocrx_word' id='word_1_215' title='bbox 514 2326 597 2391; x_wconf 87' lang='lat' dir='ltr'>latet</span> <span class='ocrx_word' id='word_1_216' title='bbox 623 2327 660 2391; x_wconf 93' lang='lat' dir='ltr'>in</span> <span class='ocrx_word' id='word_1_217' title='bbox 686 2327 794 2392; x_wconf 91' lang='lat' dir='ltr'>animo</span> <span class='ocrx_word' id='word_1_218' title='bbox 822 2349 859 2392; x_wconf 89' lang='lat' dir='ltr'>ac</span> <span class='ocrx_word' id='word_1_219' title='bbox 886 2349 982 2392; x_wconf 90' lang='lat' dir='ltr'>sensu</span> <span class='ocrx_word' id='word_1_220' title='bbox 1009 2350 1091 2413; x_wconf 91' lang='lat' dir='ltr'>meo,</span> 
     </span>
     <span class='ocr_line' id='line_1_26' title="bbox 45 2413 1091 2501; baseline 0.001 -20"><span class='ocrx_word' id='word_1_221' title='bbox 45 2433 71 2474; x_wconf 78' lang='lat'>2⁵</span> <span class='ocrx_word' id='word_1_222' title='bbox 85 2438 148 2501; x_wconf 92' lang='lat' dir='ltr'>quo</span> <span class='ocrx_word' id='word_1_223' title='bbox 167 2437 219 2480; x_wconf 91' lang='lat' dir='ltr'>me</span> <span class='ocrx_word' id='word_1_224' title='bbox 238 2416 312 2500; x_wconf 88' lang='lat' dir='ltr'>plus</span> <span class='ocrx_word' id='word_1_225' title='bbox 330 2414 384 2480; x_wconf 88' lang='lat' dir='ltr'>hic</span> <span class='ocrx_word' id='word_1_226' title='bbox 398 2415 488 2480; x_wconf 88' lang='lat' dir='ltr'>locus</span> <span class='ocrx_word' id='word_1_227' title='bbox 501 2413 641 2478; x_wconf 85' lang='lat' dir='ltr'>fortasse</span> <span class='ocrx_word' id='word_1_228' title='bbox 656 2413 800 2496; x_wconf 92' lang='lat' dir='ltr'>delectet,</span> <span class='ocrx_word' id='word_1_229' title='bbox 819 2415 977 2499; x_wconf 90' lang='lat' dir='ltr'>siquidem</span> <span class='ocrx_word' id='word_1_230' title='bbox 991 2415 1091 2482; x_wconf 89' lang='lat' dir='ltr'>etiam</span> 
     </span>
     <span class='ocr_line' id='line_1_27' title="bbox 84 2501 1090 2589; baseline -0.003 -20"><span class='ocrx_word' id='word_1_231' title='bbox 84 2505 140 2570; x_wconf 90' lang='lat' dir='ltr'>ille</span> <span class='ocrx_word' id='word_1_232' title='bbox 164 2503 423 2589; x_wconf 87' lang='lat' dir='ltr'>sapientissimus</span> <span class='ocrx_word' id='word_1_233' title='bbox 446 2502 505 2586; x_wconf 86' lang='lat' dir='ltr'>vir,</span> <span class='ocrx_word' id='word_1_234' title='bbox 527 2501 675 2567; x_wconf 80' lang='lat' dir='ltr'>Ithacam</span> <span class='ocrx_word' id='word_1_235' title='bbox 697 2504 734 2566; x_wconf 91' lang='lat' dir='ltr'>ut</span> <span class='ocrx_word' id='word_1_236' title='bbox 756 2501 888 2586; x_wconf 83' lang='lat' dir='ltr'>uideret,</span> <span class='ocrx_word' id='word_1_237' title='bbox 910 2502 1090 2567; x_wconf 87' lang='lat' dir='ltr'>inmortali-</span> 
     </span>
     <span class='ocr_line' id='line_1_28' title="bbox 85 2589 1089 2676; baseline -0.003 -18"><span class='ocrx_word' id='word_1_238' title='bbox 85 2597 188 2658; x_wconf 91' lang='lat' dir='ltr'>tatem</span> <span class='ocrx_word' id='word_1_239' title='bbox 212 2591 365 2658; x_wconf 80' lang='lat' dir='ltr'>scribitur</span> <span class='ocrx_word' id='word_1_240' title='bbox 387 2591 581 2676; x_wconf 90' lang='lat' dir='ltr'>repudiasse.</span> <span class='ocrx_word' id='word_1_241' title='bbox 626 2591 702 2656; x_wconf 79' lang='lat' dir='ltr'>Aru</span> <span class='ocrx_word' id='word_1_242' title='bbox 715 2589 788 2674; x_wconf 83' lang='lat' dir='ltr'>Ego</span> <span class='ocrx_word' id='word_1_243' title='bbox 811 2611 888 2654; x_wconf 81' lang='lat' dir='ltr'>vero</span> <span class='ocrx_word' id='word_1_244' title='bbox 911 2590 973 2654; x_wconf 89' lang='lat' dir='ltr'>tibi</span> <span class='ocrx_word' id='word_1_245' title='bbox 990 2589 1089 2655; x_wconf 90' lang='lat' dir='ltr'>istam</span> 
     </span>
     <span class='ocr_line' id='line_1_29' title="bbox 83 2677 1089 2764; baseline -0.004 -18"><span class='ocrx_word' id='word_1_246' title='bbox 83 2682 204 2746; x_wconf 88' lang='lat' dir='ltr'>iustam</span> <span class='ocrx_word' id='word_1_247' title='bbox 232 2702 364 2746; x_wconf 90' lang='lat' dir='ltr'>causam</span> <span class='ocrx_word' id='word_1_248' title='bbox 391 2682 484 2764; x_wconf 89' lang='lat' dir='ltr'>puto,</span> <span class='ocrx_word' id='word_1_249' title='bbox 512 2701 568 2746; x_wconf 91' lang='lat' dir='ltr'>cur</span> <span class='ocrx_word' id='word_1_250' title='bbox 595 2678 658 2743; x_wconf 91' lang='lat' dir='ltr'>huc</span> <span class='ocrx_word' id='word_1_251' title='bbox 681 2677 835 2742; x_wconf 90' lang='lat' dir='ltr'>libentius</span> <span class='ocrx_word' id='word_1_252' title='bbox 857 2677 968 2742; x_wconf 84' lang='lat' dir='ltr'>venias</span> <span class='ocrx_word' id='word_1_253' title='bbox 992 2681 1089 2760; x_wconf 90' lang='lat' dir='ltr'>atque</span> 
     </span>
     <span class='ocr_line' id='line_1_30' title="bbox 84 2765 1091 2854; baseline -0.004 -20"><span class='ocrx_word' id='word_1_254' title='bbox 84 2771 169 2834; x_wconf 90' lang='lat' dir='ltr'>hunc</span> <span class='ocrx_word' id='word_1_255' title='bbox 196 2769 305 2835; x_wconf 91' lang='lat' dir='ltr'>locum</span> <span class='ocrx_word' id='word_1_256' title='bbox 332 2766 465 2854; x_wconf 82' lang='lat' dir='ltr'>diligas3</span> <span class='ocrx_word' id='word_1_257' title='bbox 492 2766 572 2850; x_wconf 92' lang='lat' dir='ltr'>quin</span> <span class='ocrx_word' id='word_1_258' title='bbox 597 2766 680 2851; x_wconf 90' lang='lat' dir='ltr'>ipse,</span> <span class='ocrx_word' id='word_1_259' title='bbox 702 2786 784 2831; x_wconf 81' lang='lat' dir='ltr'>vere·</span> <span class='ocrx_word' id='word_1_260' title='bbox 799 2765 917 2849; x_wconf 91' lang='lat' dir='ltr'>dicam,</span> <span class='ocrx_word' id='word_1_261' title='bbox 945 2787 1017 2830; x_wconf 91' lang='lat' dir='ltr'>sum</span> <span class='ocrx_word' id='word_1_262' title='bbox 1038 2765 1091 2830; x_wconf 89' lang='lat' dir='ltr'>illi</span> 
     </span>
     <span class='ocr_line' id='line_1_31' title="bbox 45 2853 1092 2937; baseline -0.005 -14"><span class='ocrx_word' id='word_1_263' title='bbox 45 2874 71 2914; x_wconf 80' lang='lat'>³0</span> <span class='ocrx_word' id='word_1_264' title='bbox 84 2858 183 2923; x_wconf 88' lang='lat' dir='ltr'>villae</span> <span class='ocrx_word' id='word_1_265' title='bbox 211 2856 345 2922; x_wconf 89' lang='lat' dir='ltr'>amicior</span> <span class='ocrx_word' id='word_1_266' title='bbox 368 2855 464 2920; x_wconf 91' lang='lat' dir='ltr'>modo</span> <span class='ocrx_word' id='word_1_267' title='bbox 487 2855 593 2920; x_wconf 86' lang='lat' dir='ltr'>factus</span> <span class='ocrx_word' id='word_1_268' title='bbox 617 2858 714 2937; x_wconf 90' lang='lat' dir='ltr'>atque</span> <span class='ocrx_word' id='word_1_269' title='bbox 737 2853 811 2918; x_wconf 89' lang='lat' dir='ltr'>huic</span> <span class='ocrx_word' id='word_1_270' title='bbox 834 2853 923 2919; x_wconf 90' lang='lat' dir='ltr'>omni</span> <span class='ocrx_word' id='word_1_271' title='bbox 946 2854 1030 2937; x_wconf 92' lang='lat' dir='ltr'>solo,</span> <span class='ocrx_word' id='word_1_272' title='bbox 1056 2853 1092 2918; x_wconf 93' lang='lat' dir='ltr'>in</span> 
     </span>
     <span class='ocr_line' id='line_1_32' title="bbox 85 2942 1090 3030; baseline -0.004 -19"><span class='ocrx_word' id='word_1_273' title='bbox 85 2968 149 3030; x_wconf 95' lang='lat' dir='ltr'>quo</span> <span class='ocrx_word' id='word_1_274' title='bbox 172 2949 210 3010; x_wconf 89' lang='lat' dir='ltr'>tu</span> <span class='ocrx_word' id='word_1_275' title='bbox 232 2948 323 3010; x_wconf 88' lang='lat' dir='ltr'>ortus</span> <span class='ocrx_word' id='word_1_276' title='bbox 347 2947 381 3008; x_wconf 92' lang='lat' dir='ltr'>et</span> <span class='ocrx_word' id='word_1_277' title='bbox 402 2946 591 3028; x_wconf 88' lang='lat' dir='ltr'>procreatus</span> <span class='ocrx_word' id='word_1_278' title='bbox 615 2964 663 3026; x_wconf 73' lang='lat' dir='ltr'>es,</span> <span class='ocrx_word' id='word_1_279' title='bbox 686 2963 854 3006; x_wconf 88' lang='lat' dir='ltr'>movemur</span> <span class='ocrx_word' id='word_1_280' title='bbox 876 2942 962 3008; x_wconf 88' lang='lat' dir='ltr'>enim</span> <span class='ocrx_word' id='word_1_281' title='bbox 982 2943 1090 3007; x_wconf 90' lang='lat' dir='ltr'>nescio</span> 
     </span>
     <span class='ocr_line' id='line_1_33' title="bbox 85 3030 1090 3119; baseline -0.005 -21"><span class='ocrx_word' id='word_1_282' title='bbox 85 3052 148 3119; x_wconf 86' lang='lat' dir='ltr'>quo</span> <span class='ocrx_word' id='word_1_283' title='bbox 167 3036 264 3119; x_wconf 90' lang='lat' dir='ltr'>pacto</span> <span class='ocrx_word' id='word_1_284' title='bbox 282 3032 363 3098; x_wconf 89' lang='lat' dir='ltr'>locis</span> <span class='ocrx_word' id='word_1_285' title='bbox 382 3031 473 3117; x_wconf 92' lang='lat' dir='ltr'>ipsis,</span> <span class='ocrx_word' id='word_1_286' title='bbox 495 3032 529 3096; x_wconf 93' lang='lat' dir='ltr'>in</span> <span class='ocrx_word' id='word_1_287' title='bbox 548 3030 665 3115; x_wconf 88' lang='lat' dir='ltr'>quibus</span> <span class='ocrx_word' id='word_1_288' title='bbox 685 3051 806 3115; x_wconf 89' lang='lat' dir='ltr'>eorum,</span> <span class='ocrx_word' id='word_1_289' title='bbox 825 3052 905 3115; x_wconf 94' lang='lat' dir='ltr'>quos</span> <span class='ocrx_word' id='word_1_290' title='bbox 924 3030 1090 3115; x_wconf 84' lang='lat' dir='ltr'>diligimus</span> 
     </span>
     <span class='ocr_line' id='line_1_34' title="bbox 86 3117 1091 3204; baseline -0.007 -16"><span class='ocrx_word' id='word_1_291' title='bbox 86 3126 142 3188; x_wconf 89' lang='lat' dir='ltr'>aut</span> <span class='ocrx_word' id='word_1_292' title='bbox 175 3121 385 3204; x_wconf 88' lang='lat' dir='ltr'>admiramur,</span> <span class='ocrx_word' id='word_1_293' title='bbox 418 3120 535 3185; x_wconf 89' lang='lat' dir='ltr'>adsunt</span> <span class='ocrx_word' id='word_1_294' title='bbox 565 3118 714 3204; x_wconf 84' lang='lat' dir='ltr'>vestigia.</span> <span class='ocrx_word' id='word_1_295' title='bbox 758 3117 811 3182; x_wconf 90' lang='lat' dir='ltr'>Me</span> <span class='ocrx_word' id='word_1_296' title='bbox 843 3118 970 3201; x_wconf 91' lang='lat' dir='ltr'>quidem</span> <span class='ocrx_word' id='word_1_297' title='bbox 1000 3118 1091 3202; x_wconf 90' lang='lat' dir='ltr'>ipsae</span> 
     </span>
     <span class='ocr_line' id='line_1_35' title="bbox 84 3205 1090 3291; baseline -0.006 -17"><span class='ocrx_word' id='word_1_298' title='bbox 84 3211 161 3275; x_wconf 91' lang='lat' dir='ltr'>illae</span> <span class='ocrx_word' id='word_1_299' title='bbox 192 3213 324 3274; x_wconf 87' lang='lat' dir='ltr'>nostrae</span> <span class='ocrx_word' id='word_1_300' title='bbox 351 3208 501 3274; x_wconf 85' lang='lat' dir='ltr'>Athenae</span> <span class='ocrx_word' id='word_1_301' title='bbox 532 3227 599 3272; x_wconf 89' lang='lat' dir='ltr'>non</span> <span class='ocrx_word' id='word_1_302' title='bbox 626 3211 696 3272; x_wconf 92' lang='lat' dir='ltr'>tam</span> <span class='ocrx_word' id='word_1_303' title='bbox 728 3206 879 3291; x_wconf 90' lang='lat' dir='ltr'>operibus</span> <span class='ocrx_word' id='word_1_304' title='bbox 909 3205 1090 3290; x_wconf 81' lang='lat' dir='ltr'>magnificis</span> 
     </span>
     <span class='ocr_line' id='line_1_36' title="bbox 47 3294 1090 3383; baseline -0.008 -19"><span class='ocrx_word' id='word_1_305' title='bbox 47 3314 72 3355; x_wconf 77' lang='lat'>³⁵</span> <span class='ocrx_word' id='word_1_306' title='bbox 86 3297 318 3383; x_wconf 89' lang='lat' dir='ltr'>exquisitisque</span> <span class='ocrx_word' id='word_1_307' title='bbox 345 3297 553 3380; x_wconf 90' lang='lat' dir='ltr'>antiquorum</span> <span class='ocrx_word' id='word_1_308' title='bbox 581 3296 706 3362; x_wconf 88' lang='lat' dir='ltr'>artibus</span> <span class='ocrx_word' id='word_1_309' title='bbox 734 3294 895 3359; x_wconf 90' lang='lat' dir='ltr'>delectant</span> <span class='ocrx_word' id='word_1_310' title='bbox 923 3314 1020 3376; x_wconf 90' lang='lat' dir='ltr'>quam</span> <span class='ocrx_word' id='word_1_311' title='bbox 1043 3314 1090 3357; x_wconf 87' lang='lat' dir='ltr'>re-</span> 
     </span>
     <span class='ocr_line' id='line_1_37' title="bbox 85 3380 1091 3466; baseline -0.011 -12"><span class='ocrx_word' id='word_1_312' title='bbox 85 3386 272 3454; x_wconf 86' lang='lat' dir='ltr'>cordatione</span> <span class='ocrx_word' id='word_1_313' title='bbox 295 3407 495 3450; x_wconf 88' lang='lat' dir='ltr'>summorum</span> <span class='ocrx_word' id='word_1_314' title='bbox 517 3385 673 3466; x_wconf 87' lang='lat' dir='ltr'>virorum,</span> <span class='ocrx_word' id='word_1_315' title='bbox 695 3383 752 3448; x_wconf 89' lang='lat' dir='ltr'>ubi</span> <span class='ocrx_word' id='word_1_316' title='bbox 775 3382 909 3466; x_wconf 91' lang='lat' dir='ltr'>quisque</span> <span class='ocrx_word' id='word_1_317' title='bbox 931 3380 1091 3464; x_wconf 86' lang='lat' dir='ltr'>habitare,</span> 
     </span>
     <span class='ocr_line' id='line_1_38' title="bbox 85 3470 1090 3559; baseline -0.008 -18"><span class='ocrx_word' id='word_1_318' title='bbox 85 3475 141 3542; x_wconf 91' lang='lat' dir='ltr'>ubi</span> <span class='ocrx_word' id='word_1_319' title='bbox 161 3475 279 3559; x_wconf 88' lang='lat' dir='ltr'>sedere,</span> <span class='ocrx_word' id='word_1_320' title='bbox 297 3473 354 3538; x_wconf 93' lang='lat' dir='ltr'>ubi</span> <span class='ocrx_word' id='word_1_321' title='bbox 373 3472 538 3557; x_wconf 90' lang='lat' dir='ltr'>disputare</span> <span class='ocrx_word' id='word_1_322' title='bbox 558 3471 601 3536; x_wconf 92' lang='lat' dir='ltr'>sit</span> <span class='ocrx_word' id='word_1_323' title='bbox 616 3472 739 3556; x_wconf 90' lang='lat' dir='ltr'>solitus,</span> <span class='ocrx_word' id='word_1_324' title='bbox 758 3470 965 3554; x_wconf 88' lang='lat' dir='ltr'>studioseque</span> <span class='ocrx_word' id='word_1_325' title='bbox 979 3490 1090 3533; x_wconf 92' lang='lat' dir='ltr'>eorum</span> 
     </span>
    </p>
   </div>
   <div class='ocr_carea' id='block_1_4' title="bbox 1107 2563 1130 2690">
    <p class='ocr_par' dir='ltr' id='par_1_4' title="bbox 1107 2563 1130 2690">
     <span class='ocr_line' id='line_1_39' title="bbox 1107 2563 1130 2690; baseline 0 0"><span class='ocrx_word' id='word_1_326' title='bbox 1107 2563 1130 2690; x_wconf 76' lang='grc' dir='ltr'><em>Ξ</em></span> 
     </span>
    </p>
   </div>
   <div class='ocr_carea' id='block_1_5' title="bbox 0 0 1262 3936">
    <p class='ocr_par' dir='ltr' id='par_1_5' title="bbox 0 0 1262 3936">
     <span class='ocr_line' id='line_1_40' title="bbox 0 0 1262 3936; baseline 0 0"><span class='ocrx_word' id='word_1_327' title='bbox 0 0 1262 3936; x_wconf 95' lang='lat' dir='ltr'> </span> 
     </span>
    </p>
   </div>
  </div>
 </body>
</html>
