2458 3934
314 185 382 241 uus.
401 185 531 243 noar.
551 194 629 244 o-s.
649 193 664 254 s
686 193 799 244 rs-sr.
992 189 1057 256 203

70 328 152 393 luerit
180 351 251 395 esse
279 329 425 396 futurum
453 334 526 396 rato
554 334 713 416 tempore,
741 353 823 415 quae
849 335 959 417 potest
987 353 1057 398 esse

69 415 205 482 fortuna?
229 440 294 502 qna
317 419 448 484 sublata
470 419 525 504 qui
548 419 638 484 locus
661 424 711 484 est
734 420 947 486 divinationi?
975 441 1057 505 qnae

69 505 364 572 atsfortuitarum
386 528 495 573 rerum
518 510 569 571 est
591 507 677 573 dicta
699 508 904 592 praesensio·
941 507 1057 584 Quam·

68 613 149 675 quam
167 593 297 660 dicebas
316 594 433 678 omnia,
450 615 534 678 quae
551 594 666 660 fiarent
682 594 834 662 futurave
851 601 970 680 essent,
986 597 1057 663 fato

49 681 217 746 ⁵contineri.
263 680 360 748 Anile
392 703 469 748 sane
499 685 532 747 et
563 683 696 768 plenum
727 684 968 769 superstitionis
995 684 1057 750 fati

65 788 167 833 nomen
195 769 319 854 ipsum,
351 770 408 836 sed
433 775 544 837 tamen
571 770 657 854 apud
679 768 806 837 Stoicos
834 771 873 838 de
899 773 964 838 isto
987 771 1057 838 fato

66 857 154 922 multa
189 857 355 942 dicuntur,
391 858 430 923 de
465 879 529 942 quo
564 859 660 942 alias3
695 879 780 925 nune
811 859 897 944 quod
927 881 1096 977 nomaso„

66 947 112 1007 est.
157 942 192 1010 si
231 946 342 1011 omnia
371 945 455 1029 fato,
492 945 569 1030 quid
600 945 682 1010 mihi
713 946 870 1012 divinatio
902 947 1056 1032 prodest?
1075 989 1109 1038 20

66 1029 143 1105 Quod
175 1033 264 1098 enim
291 1034 333 1117 is,
365 1033 421 1117 qui
443 1033 581 1117 divinat,
607 1033 778 1118 praedicit,
808 1035 842 1098 id
868 1055 953 1101 vero·
971 1034 1057 1100 futu·

39 1133 123 1184 urum
152 1124 216 1206 est,
245 1125 284 1188 ut
314 1141 355 1186 ne
381 1121 464 1186 illud
491 1121 620 1206 quidem
643 1122 744 1187 sciam
767 1123 863 1207 quale
886 1122 943 1206 sit,
972 1123 1058 1207 quod

65 1204 256 1294 Deiotarum,
287 1209 505 1276 necessarium
535 1213 699 1295 nostrum,
731 1232 769 1275 ex
800 1211 916 1276 itinere
948 1211 1058 1296 aquila

64 1297 227 1382 revocavit3
258 1298 313 1382 qui
341 1298 405 1362 nisi
434 1298 636 1382 revertisset,
663 1298 699 1363 in
725 1319 763 1366 eo
786 1299 931 1366 conclavi
954 1299 985 1365 ei
1006 1322 1058 1366 ou·

63 1380 190 1450 bandum
220 1385 352 1469 fuisset,
382 1385 468 1470 quod
494 1407 652 1471 proxuma
678 1391 773 1453 nocte
798 1388 933 1471 comuit3
964 1388 1058 1454 ruina

64 1469 151 1554 igitur
174 1494 350 1559 oppressus
374 1477 468 1539 esset.
504 1473 551 1538 At
572 1474 606 1539 id
628 1495 740 1558 neque,
763 1476 793 1540 si
814 1475 920 1540 fatum
941 1475 1058 1560 fuerat,

39 1558 219 1644 ¹⁵effogisset
242 1583 309 1645 neo,
333 1563 361 1626 si
384 1583 451 1626 non
472 1561 588 1645 fuerat,
610 1563 647 1626 in
663 1584 738 1626 eum
755 1584 865 1628 casum
883 1563 1057 1630 incidisset.

65 1643 135 1718 Quid
159 1670 241 1736 ergo
265 1649 397 1715 adiuvat
419 1649 599 1715 divinatio?
628 1652 684 1714 aut
707 1649 870 1733 quidest,
898 1650 983 1732 qnod
1005 1671 1057 1716 me

65 1741 206 1802 moneant
230 1741 287 1802 aut
310 1742 415 1803 sortes
438 1740 495 1802 aut
517 1740 593 1802 exta
616 1740 673 1802 aut
694 1736 764 1801 ulla
785 1736 986 1820 praedictio?
1023 1735 1058 1802 Si

66 1821 137 1888 euim
162 1825 271 1890 fatum
296 1825 360 1891 fuit
382 1825 503 1891 classes
526 1825 640 1910 populi
661 1823 803 1889 Romani
824 1824 913 1890 bello
934 1823 1057 1891 Punico

65 1910 164 1996 primo,
183 1913 323 1978 alteram
341 1912 522 2000 naufragio
541 1913 678 1978 alteram
698 1911 848 1978 aPoenis
863 1912 1058 1998 depressam,

39 1995 192 2086 autema,
220 2000 349 2066 etiamsi
370 2000 549 2087 tripudium
573 2001 778 2066 solistumum
800 2000 883 2085 pulli
905 2000 1058 2066 fecissent

65 2081 92 2147 L.
107 2085 196 2155 Iunio
218 2093 251 2153 et
268 2088 304 2153 P.
318 2087 453 2154 Claudio
472 2088 668 2172 consulibus,
690 2088 811 2154 classes
830 2092 942 2155 tamen
959 2089 1057 2154 inter-

65 2170 161 2240 issent.
198 2174 265 2260 Sin,
289 2198 361 2242 cum
385 2176 537 2262 auspiciis
561 2177 821 2261 obtemperatum
839 2181 934 2261 esset,
961 2177 1077 2244 inter?

66 2258 157 2328 iturae
174 2265 296 2330 classes
313 2286 380 2330 non
396 2264 536 2347 fuerunt,
555 2285 622 2329 non
639 2263 833 2329 interierunt
849 2263 933 2349 fato,
955 2265 1056 2331 vultis

67 2352 161 2416 autem
183 2353 295 2418 omnia
316 2352 399 2436 fato,
421 2353 513 2417 nulla
534 2351 638 2437 igitur
659 2355 710 2417 est
732 2352 898 2418 divinatio.
935 2351 1056 2428 Quodsi
1074 2366 1106 2416 21

40 2433 157 2504 ussum
178 2440 243 2505 fuit
265 2440 353 2506 bello
371 2439 492 2505 Punico
515 2439 653 2506 secundo
672 2440 847 2506 exercitum
865 2440 978 2524 populi
995 2439 1058 2507 Ro

67 2527 142 2591 naui
163 2529 206 2593 ad
228 2529 335 2592 lacum
357 2527 614 2594 'lbasumennum
636 2528 783 2612 interire,
804 2549 882 2593 num
905 2527 939 2591 id
960 2527 1059 2594 vitari

67 2614 169 2700 potuit,
193 2615 222 2681 si
243 2615 422 2681 Flaminius
446 2617 558 2681 consul
580 2616 621 2681 iis
645 2615 747 2702 signis
769 2615 874 2699 iisque
897 2615 1059 2701 auspiciis,

68 2701 169 2780 quibus
196 2725 343 2790 pugnare
370 2703 617 2789 prohibebatur,
645 2703 830 2788 paruisset?
868 2701 977 2785 [Certe
1003 2725 1059 2789 po

52 2787 141 2872 tuit]
178 2791 247 2856 Aut
275 2792 377 2878 igitur
403 2813 469 2857 non
494 2791 564 2857 fato
586 2790 712 2857 interiit
734 2790 907 2875 exereitus,
934 2796 1003 2875 aut,
1031 2791 1060 2857 si

41 2870 125 2942 ufaro
148 2877 249 2966 (quod
271 2883 357 2945 certe
380 2880 473 2945 vobis
494 2880 543 2944 ita
565 2878 734 2944 dicendum
756 2877 830 2965 ost),
853 2879 983 2945 etiamsi
1005 2881 1059 2947 ob-

69 2962 269 3051 temperasset
292 2967 452 3053 auspiciis,
475 2967 560 3032 idem
580 2970 771 3032 euenturum
787 2965 917 3051 fuisset3
938 2967 1060 3034 mutari

69 3051 142 3119 enim
167 3054 238 3121 fata
258 3077 325 3121 non
346 3059 493 3140 possunt.
528 3053 595 3121 Ubi
617 3058 668 3120 est
691 3053 793 3141 igitur
814 3055 880 3121 ista
903 3055 1058 3121 divinatio

69 3131 258 3210 Stoicorum?
289 3165 384 3228 quae,
414 3143 443 3207 si
467 3143 537 3209 fato
566 3143 674 3212 omnia
695 3143 792 3228 fiunt,
818 3143 900 3208 nihil
913 3162 983 3208 nos
1006 3142 1060 3206 ad·

69 3243 185 3297 monere
203 3234 377 3317 potestat
396 3231 556 3297 cautiores
575 3231 688 3316 simus3
712 3252 840 3316 quoquo
860 3229 945 3296 enim
963 3229 1059 3296 modo

42 3318 118 3380 lluus
143 3319 351 3405 gesserimus,
377 3319 436 3384 liet
461 3323 571 3384 tamen
597 3319 691 3402 illud,
719 3318 805 3402 quod
826 3317 973 3383 futurum
996 3321 1059 3401 est,

71 3399 112 3466 sin
136 3411 244 3472 autem
270 3407 304 3472 id
324 3409 436 3492 potest
457 3406 556 3489 flecti,
582 3406 709 3471 nullum
732 3409 782 3470 est
803 3405 922 3489 fatum,
948 3405 996 3472 ita
1017 3427 1059 3472 nc

71 3485 212 3561 diuinatio
244 3495 386 3580 quidem,
416 3495 568 3579 quoniam
595 3515 634 3559 ea
660 3514 768 3558 rerum
793 3492 977 3558 futurarum
1000 3498 1059 3560 est.
