2496 3934
168 190 248 251 -114
490 188 539 244 DE
557 187 709 243 NATURA
728 187 881 242 DEORUM

182 332 296 414 fuisse,
327 335 376 415 ut,
409 353 483 397 cum
516 332 684 397 ostendere
716 333 830 414 velles,
863 333 975 415 quales
1007 332 1039 396 di
1072 337 1180 416 essent,

184 420 369 484 ostenderes
397 421 505 484 nullos
534 441 611 484 esse.
658 419 689 483 A
717 419 946 484 consuetudine
975 420 1060 484 enim
1083 421 1179 485 oculo

183 530 256 572 rum
279 508 423 572 animum
446 507 602 572 abducere
621 507 849 572 difficillimum
868 507 1005 594 dicebas,
1029 508 1094 592 sed,
1117 531 1180 572 cun

184 596 243 661 deo
261 595 344 659 nihil
362 596 582 682 praestantius
601 599 695 678 esset,
713 617 780 660 non
798 595 980 678 dubitabas,
1004 595 1082 679 quin
1100 617 1179 660 mun-

184 684 243 749 dus
275 686 361 748 esset
394 683 486 767 deus,
519 701 582 768 quo
613 683 697 748 nihil
727 683 763 747 in
793 704 901 748 rerum
928 687 1047 748 natura
1074 684 1207 748 melius

184 775 278 836 esset.
322 770 419 836 Modo
446 793 614 856 possemus
642 793 715 836 eum
743 770 941 836 animantem
968 771 1114 857 cogitare
1134 772 1178 836 vel

130 872 163 922 21
183 861 308 945 potius,
332 863 370 924 ut
392 864 500 924 cetera
522 859 637 942 oculis,
659 859 706 924 sie
729 858 836 924 animo
859 859 921 924 hoc
944 862 1087 925 cerneret
1127 857 1179 923 Sed

183 971 257 1014 cnm
284 947 404 1012 mundo
433 967 534 1033 negas
564 947 735 1031 quicquam
758 967 828 1012 esse
850 947 979 1031 melius,
1010 947 1089 1030 quid
1111 947 1177 1011 dicis
1230 1013 1231 1042 ,

184 1036 322 1100 melius?
363 1033 397 1100 Si
419 1035 596 1121 pulchrius,
619 1034 796 1118 adsentior3
819 1034 848 1100 si
871 1034 979 1120 aptius
1003 1036 1046 1100 ad
1068 1036 1178 1100 utilita-
1230 1051 1231 1094 l

183 1127 233 1188 tes
255 1127 400 1206 nostras,
426 1124 461 1187 id
483 1144 609 1207 quoque
632 1123 809 1205 adsenti0r3
837 1122 1020 1188 sinautem
1044 1123 1079 1188 id
1101 1122 1204 1204 dicis,u

182 1212 266 1274 nihil
290 1233 360 1276 esse
383 1210 502 1276 mundo
525 1210 715 1294 sapientius,
744 1211 836 1274 nullo
859 1211 956 1275 modo
979 1233 1113 1296 prorsus
1135 1211 1177 1275 ad·

184 1299 319 1383 sentior,
346 1319 413 1363 non
439 1297 524 1387 quod
552 1297 681 1362 difficile
710 1298 754 1362 sit
780 1301 923 1362 mentem
951 1299 992 1368 ab
1016 1299 1118 1365 oculis
1139 1319 1177 1362 se

182 1408 311 1470 vocare,
336 1387 392 1450 sed
415 1407 478 1470 quo
501 1385 607 1471 magis
631 1407 758 1469 sevoco,
782 1407 819 1450 eo
842 1387 948 1450 minus
971 1387 1018 1471 id,
1043 1387 1128 1472 quod
1147 1391 1176 1448 tu

143 1475 163 1538 9
183 1474 245 1558 vis,
267 1495 401 1559 possum
424 1478 531 1540 mente
554 1474 832 1559 comprehendere.
876 1473 969 1538 Nihil
994 1478 1046 1538 est
1069 1474 1175 1539 mundo

183 1562 299 1626 melius
326 1563 362 1627 in
387 1584 495 1627 rerum
521 1565 647 1628 natura.
695 1561 746 1626 Ne
775 1562 811 1626 in
836 1563 933 1626 terris
957 1563 1089 1646 quidem
1109 1562 1176 1626 urbe
1186 1575 1203 1616 1⁵

182 1654 308 1734 nostra3
342 1672 422 1715 num
452 1650 554 1736 igitur
584 1650 702 1715 idcirco
738 1649 773 1714 in
796 1650 883 1714 urbe
916 1671 986 1714 esse
1019 1652 1176 1729 rationem,

183 1739 428 1825 cogitationem,
455 1742 596 1802 mentem
619 1737 737 1822 putas?
766 1741 836 1821 aut,
863 1737 1016 1822 quoniam
1044 1760 1110 1804 non
1134 1737 1176 1817 sit,

181 1850 261 1893 num
289 1827 407 1892 idcirco
440 1826 606 1890 existimas
638 1823 807 1890 formicam
834 1826 1093 1910 anteponendam
1119 1843 1176 1890 esse

182 1915 257 1979 huic
292 1914 538 2000 pulcherrumae
574 1913 660 1997 urbi,
697 1912 783 1996 quod
814 1913 848 1977 in
879 1915 959 1978 urbe
996 1935 1108 1979 sensus
1141 1911 1176 1976 sit

181 2003 300 2086 nullus
322 2003 357 2066 in
378 2001 514 2066 formica
535 2023 602 2066 non
624 2001 719 2065 modo
743 2021 864 2085 senene,
887 2001 943 2066 sed
966 2003 1068 2067 etiam
1089 2013 1202 2078 menan

182 2091 281 2172 ratio,
318 2090 495 2154 memoria?
544 2088 662 2154 Videre
695 2091 837 2173 oportet,
869 2088 985 2173 Balbe,
1018 2089 1097 2174 quid
1125 2085 1175 2151 tibi

130 2191 163 2238 22
183 2178 385 2261 concedatur,
406 2199 473 2242 non
494 2181 527 2242 te
550 2177 665 2262 ipsum,
689 2176 774 2260 quod
792 2177 882 2261 velis,
905 2199 1039 2242 sumere.
1084 2177 1175 2242 Istum

183 2265 269 2330 enim
298 2266 407 2330 locum
434 2269 542 2330 totum
568 2265 627 2329 illa
654 2269 746 2329 vetus
775 2263 912 2330 Zenonis
940 2265 1049 2331 brevis
1077 2269 1120 2349 et,
1145 2263 1175 2326 ut

182 2354 244 2419 tibi
271 2353 455 2436 videbatur,
480 2356 576 2418 acuta
598 2353 760 2418 conclusio
784 2352 942 2419 dilatavit.
988 2353 1074 2419 Zeno
1102 2351 1174 2416 enin

181 2443 230 2508 ita
248 2442 421 2507 concludit:
445 2441 549 2517 ‘Quod
566 2441 692 2506 ratione
710 2441 822 2523 utitur,
839 2441 874 2504 id
891 2441 1006 2506 melius
1026 2445 1078 2506 est
1091 2457 1172 2525 quam
1183 2449 1200 2490 2⁵

182 2530 229 2614 id,
258 2530 344 2614 quod
366 2530 492 2594 ratione
514 2550 580 2594 non
602 2529 718 2612 utitur,
744 2527 827 2592 nihil
850 2531 959 2594 autem
981 2529 1174 2594 mundone

130 2631 163 2680 23
183 2619 261 2702 lius3
293 2618 419 2684 ratione
450 2617 552 2703 igitur
583 2616 720 2681 mundus
748 2615 872 2681 utitur?
917 2615 989 2682 Hoc
1016 2618 1045 2681 si
1071 2615 1174 2702 placet,

182 2707 249 2772 iam
268 2706 397 2790 efficies,
414 2709 452 2771 ut
469 2705 606 2770 mundus
626 2704 748 2789 optime
766 2705 887 2769 librum
904 2705 1013 2790 legere
1031 2705 1173 2770 videatur.

183 2793 321 2859 Zenonis
358 2795 442 2859 enim
474 2793 622 2879 vestigiis
653 2792 715 2858 hoc
746 2791 842 2856 modo
873 2792 1033 2858 rationem
1064 2787 1172 2878 poteris

183 2882 385 2948 concludere:
409 2880 513 2956 ‘Quod
535 2881 718 2946 litteratum
740 2883 799 2964 est,
822 2879 856 2944 id
874 2883 925 2944 est
942 2881 1068 2965 melius,
1090 2886 1199 2964 quam³⁰

184 2969 270 3054 quod
291 2991 358 3034 non
381 2972 431 3033 est
453 2968 650 3052 litteratum,
677 2967 761 3032 nihil
784 2971 893 3032 autem
915 2969 1035 3033 mundo
1058 2966 1172 3043 melius3

184 3058 349 3124 litteratus
372 3057 473 3142 igitur
496 3060 547 3122 est
568 3055 726 3120 mundus?
761 3053 831 3121 lsto
854 3055 950 3121 modo
973 3057 1072 3121 etiam
1090 3054 1173 3119 diser·

183 3149 238 3210 tus
262 3149 294 3210 et
318 3144 446 3230 quidem
469 3143 732 3228 mathematicus,
759 3143 913 3229 musicus,
941 3145 1029 3209 omni
1052 3142 1172 3223 denique

185 3234 332 3300 doctrina
355 3233 508 3316 eruditus,
530 3235 696 3316 postremo
719 3231 932 3316 philosophus
957 3233 1019 3298 erit
1039 3229 1170 3297 mundus.

184 3319 286 3408 Saepe
310 3321 391 3386 dixti
412 3320 497 3386 nihil
519 3319 589 3384 fieri
611 3319 675 3384 nisi
698 3340 736 3383 ex
760 3341 811 3402 eo,
832 3341 891 3386 nec
912 3320 1005 3385 illam
1027 3321 1092 3386 vim
1113 3321 1199 3380 esset⁵

184 3414 332 3494 naturae,
359 3412 397 3474 ut
420 3409 470 3473 sni
493 3407 664 3472 dissimilia
685 3407 797 3492 posset
820 3407 987 3494 effingere,
1015 3404 1169 3473 concedam

183 3520 250 3563 non
272 3497 368 3563 modo
391 3496 589 3561 animantem
608 3499 640 3560 et
659 3495 837 3578 sapientem
857 3517 926 3561 esse
944 3497 1103 3577 mundum,
1124 3486 1171 3555 sed
