2478 3936
150 196 191 262 '¹16
457 195 505 250 DE
524 193 675 250 NATURA
693 193 847 250 DEORUM

148 339 370 406 vicissitudine
389 361 500 405 eorum
519 338 630 406 mundi
647 337 837 404 continuata
849 341 967 402 natura
982 340 1042 401 est.
1070 334 1156 401 Nam
1228 359 1229 362 ¹

150 451 188 494 ex
202 432 291 493 terra
304 449 396 512 aqua,
416 449 454 492 ex
469 449 553 512 aqua
567 427 670 492 oritur
685 431 748 510 a'e'r,
766 447 805 490 ex
820 431 892 490 aere
907 425 1028 509 aether,
1043 425 1158 490 deinde

149 521 328 582 retrorsum
350 515 494 581 uicissim
517 537 555 580 ex
574 514 703 579 aethere
723 519 786 598 a'e'r,
809 514 883 577 inde
903 535 996 597 aqua,
1015 534 1056 578 ex
1074 535 1159 597 aqua

151 610 239 669 terra
265 604 386 668 infima.
433 602 485 668 Sic
507 603 633 668 naturis
655 602 721 685 his,
749 623 787 666 ex
811 601 927 686 quihus
951 601 1063 666 omnia
1087 622 1159 666 con-

152 696 249 774 stant,
273 713 383 756 sursus
403 691 545 775 deorsus,
563 691 649 756 ultro
669 690 751 754 citro
770 689 1027 754 commeantibus
1047 687 1160 753 inundi
1188 707 1202 746 ⁵

98 792 131 842 85
151 781 293 864 partium
321 780 504 846 coniunctio
532 778 723 845 continetur.
770 776 857 853 Quae
881 781 938 842 aut
960 777 1161 861 sempiterna
1228 791 1229 874 ζ

153 869 196 934 sit
217 890 347 934 necesse
371 874 421 933 est
442 867 504 934 hoo
528 868 639 932 eodem
658 869 785 950 ornatu,
808 887 904 949 quem
921 865 1080 949 videmus,
1103 869 1161 929 aut
1228 903 1229 944 ;

152 962 237 1022 certe
255 957 474 1042 perdiuturna,
492 976 685 1040 permanens
700 954 741 1018 ad
758 953 971 1038 longinquum
991 957 1025 1017 et
1037 953 1161 1018 inmen-
1228 951 1229 1016 i

152 1068 223 1111 sum
251 1067 353 1130 paene
381 1048 518 1128 tempus.
564 1043 706 1119 Quorum
733 1043 894 1106 utrumvis
917 1045 954 1105 ut
978 1041 1032 1126 sit,
1057 1041 1160 1126 sequi·
1228 1061 1229 1068 ¹

151 1137 206 1198 tur
234 1138 352 1198 natura
381 1133 535 1196 mundum
566 1129 794 1196 administrari.
845 1127 933 1205 Quae
960 1129 1049 1193 enim
1080 1130 1201 1194 clas-10
1228 1127 1229 1216 l

153 1222 237 1285 sium
255 1220 421 1304 navigatio
439 1223 496 1284 aut
510 1241 591 1304 quae
605 1218 778 1283 instructio
792 1217 951 1282 exercitus
966 1221 1031 1301 aut,
1047 1239 1160 1282 rursus
1228 1217 1229 1306 l

152 1312 189 1373 ut
208 1329 254 1393 ea,
278 1329 359 1392 quae
377 1312 496 1370 natura
513 1307 622 1390 efficit,
645 1305 856 1388 conferamus,
880 1327 961 1391 quae
974 1306 1161 1389 procreatio
1228 1307 1229 1312 ’

152 1395 229 1460 vitis
253 1400 309 1460 aut
333 1393 467 1479 arboriS,
491 1417 573 1478 quae
595 1416 693 1480 porro
717 1393 892 1458 animantis
909 1393 1016 1480 figura
1035 1394 1162 1458 confor-
1228 1431 1229 1492 ,

153 1483 317 1567 matioque
335 1483 553 1548 membrorum
570 1486 698 1548 tantam
712 1485 848 1546 naturae
864 1481 1046 1546 sollertiam
1062 1482 1161 1568 signi·
1228 1495 1229 1552 l

152 1571 242 1655 ficat,
275 1575 430 1656 quantam
462 1570 532 1655 ipse
564 1571 723 1636 mundus?
767 1568 835 1635 Aut
863 1570 966 1656 igitur
991 1569 1077 1633 nihil
1102 1572 1199 1652 est,15
1228 1575 1229 1658 p

154 1661 239 1743 quod
262 1659 421 1725 sentiente
443 1664 559 1724 natura
581 1662 724 1744 regatur,
747 1662 803 1722 aut
825 1657 979 1723 mundum
997 1659 1070 1744 regi
1088 1679 1161 1722 con·
1228 1661 1229 1704 l

100 1757 133 1808 ao
153 1748 308 1813 fitendum
341 1751 399 1813 est.
444 1747 589 1831 Etenim,
622 1747 677 1830 qui
708 1746 850 1829 reliquas
881 1750 1017 1811 naturas
1047 1767 1161 1810 omnes

154 1857 326 1920 earumque
355 1836 478 1901 semina
507 1837 685 1917 contineat,
713 1833 768 1918 qui
792 1837 902 1918 potest
923 1834 993 1920 ipse
1015 1855 1084 1898 non
1106 1857 1162 1898 na-

153 1927 228 1988 tura
258 1923 498 1988 administrari?
527 1928 578 2008 ut,
609 1922 637 1987 si
667 1922 722 2006 qui
751 1921 862 1986 dentes
893 1925 927 1986 et
954 1922 1161 2007 pubertatem

153 2015 271 2076 natura
294 2011 379 2076 dicat
403 2012 552 2094 existere,
570 2011 686 2096 ipsum
710 2013 818 2074 autem
840 2009 1019 2094 hominem,
1047 2011 1100 2074 cui
1123 2033 1161 2074 ea
1175 2028 1199 2066 20

154 2099 304 2182 existant,
325 2120 392 2162 non
415 2104 562 2164 constare
585 2102 711 2181 natura,
733 2119 799 2163 non
816 2097 988 2182 intellegat
1007 2119 1054 2181 ea,
1079 2120 1161 2181 quae

154 2185 298 2250 ecferant
325 2186 447 2269 aliquid
475 2209 513 2251 ex
541 2209 624 2269 sese,
650 2185 858 2272 perfectiores
881 2186 1001 2250 habere
1023 2189 1161 2250 naturas

156 2295 253 2358 quam
277 2295 324 2358 ea,
347 2295 428 2357 quae
452 2296 490 2338 ex
512 2274 553 2339 iis
577 2274 767 2338 ecferantur.
1228 2341 1229 2375 ,

101 2359 145 2424 34
222 2361 373 2426 Omnium
392 2366 500 2426 autem
518 2383 636 2446 rerum,
655 2383 736 2446 quae
749 2366 867 2426 natura
882 2361 1161 2446 administrantur,
1228 2379 1229 2430 l

155 2450 331 2515 seminator
365 2454 399 2516 et
431 2454 521 2514 sator
552 2455 585 2514 et
611 2472 740 2536 parenS,
772 2454 809 2514 ut
835 2450 884 2514 ita
911 2451 1029 2534 dicam,
1063 2455 1160 2535 atque
1175 2466 1198 2507 2⁵
1228 2457 1229 2524 ἰ

155 2537 306 2603 educator
329 2541 362 2601 et
386 2538 470 2603 altor
494 2542 544 2602 est
566 2539 703 2603 mundus
722 2534 892 2621 omniaque
912 2539 998 2605 sicut
1013 2540 1162 2604 membra
1228 2535 1229 2586 l

155 2629 187 2690 et
213 2631 324 2710 partes
350 2647 424 2690 suas
447 2627 629 2691 nutricatur
652 2630 685 2691 et
708 2626 860 2691 continet.
906 2624 1027 2702 Quodsi
1049 2627 1163 2692 mundi

154 2717 264 2797 partes
295 2717 414 2778 natura
445 2714 727 2798 administrantur,
762 2735 891 2780 necesse
924 2719 973 2779 est
1004 2716 1162 2780 mundum
1228 2737 1229 2792 ς

154 2801 261 2884 ipsum
279 2805 397 2866 natura
416 2801 645 2886 administrari,
669 2802 757 2866 cuius
776 2803 905 2886 quidem
920 2802 1161 2869 administratio
1228 2801 1229 2888 J

154 2887 236 2951 nihil
258 2888 358 2953 habet
381 2889 416 2952 in
438 2911 482 2973 se,
505 2891 590 2974 quod
608 2890 799 2974 reprehendi
816 2891 936 2974 possin
958 2890 1054 2956 exiis
1075 2892 1162 2957 enim
1175 2907 1198 2947 ³⁰
1228 2895 1229 2962 l

154 2975 290 3057 naturis,
314 2996 396 3058 quae
420 2981 520 3061 erant,
544 2978 630 3062 quod
649 2977 733 3043 effici
751 2979 911 3062 optimum
928 2979 1044 3064 potuit,
1068 2980 1162 3046 effec·

101 3072 135 3122 87
155 3068 224 3126 tum
253 3065 311 3126 est.
355 3061 480 3128 Doceat
507 3085 584 3150 ergo
613 3065 729 3150 aliquis
756 3066 901 3150 potuisse
929 3067 1052 3131 melius
1100 3065 1163 3133 Sed
1228 3089 1229 3094 ¹

154 3172 249 3215 nemo
281 3173 435 3233 umquam
463 3151 603 3234 docebit,
634 3157 666 3217 et
694 3153 722 3217 si
750 3154 821 3238 quis
850 3154 1010 3241 corrigere
1038 3155 1162 3240 aliquid

154 3238 255 3322 volet,
286 3242 342 3303 aut
370 3238 509 3304 deterius
536 3240 636 3304 faciet
663 3242 787 3325 antid,
818 3242 903 3326 quod
925 3243 996 3308 fieri
1017 3264 1085 3309 non
1107 3267 1162 3329 po·
1228 3277 1229 3310 l

154 3326 267 3408 tuerit,
298 3327 501 3392 desiderabit.
547 3326 668 3402 Quodsi
683 3361 684 3366 κ
698 3351 808 3394 omnes
838 3331 949 3395 mundi
975 3336 1086 3416 partes
1115 3334 1196 3398 itae
1228 3311 1229 3348 ¹

155 3415 352 3478 constitutae
372 3419 455 3498 sunt,
477 3418 515 3477 ut
534 3436 637 3498 neque
657 3417 698 3479 ad
715 3438 809 3480 usum
828 3418 977 3483 meliores
995 3421 1162 3505 potuerint
1228 3499 1229 3502 Ἴ

262 3522 350 3584 >eque
375 3501 415 3564 ad
439 3502 577 3584 speciem
600 3502 813 3586 pulchriores,
843 3504 1023 3591 videamus,
1050 3512 1162 3572 utrum
1228 3511 1229 3548 l
