2478 3936
304 190 372 248 ΜΒ.
390 192 411 247 Ι.
432 191 509 246 CAP.
527 197 641 247 41-44.
661 198 676 258 ξ
695 199 843 248 116-122.
1033 193 1077 258 43

88 337 218 398 strautur
242 334 382 399 deorum.
423 333 544 399 Utrum
564 335 667 420 igitur
688 336 741 401 hic
764 337 971 402 confirmasse
993 337 1078 402 vide

87 425 131 485 tur
154 422 344 508 religionem
367 445 409 487 an
431 423 560 507 penitus
584 427 690 489 totam
713 425 905 491 sustulisse?
951 425 1077 491 Omitto

86 509 258 575 Eleusinem
282 515 428 576 sanctam
450 511 543 576 illam
566 515 600 576 et
622 515 806 598 angustam,

140 597 212 664 Ubi
234 597 446 664 initiantur
470 603 605 685 gentes
629 621 782 665 orarum
803 602 979 685 ultimae,

65 691 239 771 epicureo
263 685 522 753 Samothraciam
546 709 654 773 eaque,
678 711 760 773 quae
782 687 897 754 Lemni

137 773 336 841 Noctdrno
360 776 468 842 aditu
491 777 644 842 occulta
667 778 861 861 coluntur,

180 862 444 930 silvestribus
468 864 651 949 saepibus
675 865 801 930 detnsa.
1079 945 1085 957 ³

82 949 192 1026 Quibus
230 952 401 1037 explicatis
438 953 479 1018 ad
514 953 737 1038 rationemque
773 953 933 1018 revocabis
969 974 1079 1017 rerum

81 1041 175 1125 magis
196 1045 318 1106 natura
340 1041 547 1127 cognoscitur
569 1063 667 1125 quam
690 1041 832 1106 deorum.
1088 1090 1132 1154 43

53 1146 71 1184 1⁰
136 1128 217 1193 Mihi
237 1128 367 1213 quidem
385 1129 485 1194 etiam
497 1129 713 1214 Democritus,
730 1129 782 1195 vir
798 1128 1132 1217 magnusinpri·120

82 1217 146 1301 mis,
176 1218 269 1282 cuius
300 1216 447 1282 fontibus
478 1217 638 1302 Epicurus
671 1217 820 1282 hortulos
853 1238 928 1282 suos
960 1217 1080 1303 inriga·

80 1305 132 1389 vit,
164 1309 284 1370 nutare
314 1305 442 1370 ridetur
473 1305 508 1370 in
537 1308 656 1370 natura
687 1305 828 1370 deorum.
877 1306 962 1371 Tum
994 1305 1079 1370 enim

82 1397 178 1458 censet
205 1394 367 1480 imagines
392 1393 561 1459 divinitate
583 1393 747 1478 praeditas
769 1395 875 1459 inesse
897 1394 933 1459 in
954 1395 1080 1459 univer·

82 1481 167 1546 sitate
185 1504 306 1566 rerum,
328 1487 399 1546 tum
417 1482 577 1567 principia
590 1482 718 1566 mentis,
741 1503 823 1566 quae
838 1482 953 1547 sintin
967 1482 1079 1547 eodem

54 1584 72 1624 1⁵
81 1569 236 1655 universo,
269 1570 345 1636 deos
379 1591 449 1635 esse
481 1570 571 1654 dicit,
603 1573 674 1634 tum
702 1571 884 1635 animantes
911 1570 1080 1655 imagines,

82 1680 153 1741 quae
178 1660 234 1724 vel
262 1658 415 1744 prodesse
442 1658 537 1723 nobis
565 1660 692 1724 soleant
714 1658 768 1722 vel
789 1679 918 1740 nocere,
941 1661 1011 1722 tum
1033 1657 1081 1720 in·

82 1748 177 1830 gentis
215 1747 375 1831 quasdam
410 1747 570 1832 imagines
603 1749 791 1829 tantasque,
827 1748 864 1809 ut
895 1745 1081 1809 uuiversum

81 1836 228 1901 mundum
274 1836 519 1921 conplectantur
566 1835 778 1917 extrinsecum
823 1855 905 1918 quae
951 1832 1081 1918 quidem

83 1925 183 1988 omnia
210 1928 289 1988 sunt
314 1924 423 2008 patria
444 1923 625 1988 Democriti
647 1944 744 2007 quam
767 1921 955 1988 Democrito
978 1921 1081 2006 digni·

55 2025 139 2076 hora.
178 2011 259 2088 Quis
283 2012 369 2076 enim
390 2012 472 2077 istas
494 2011 653 2097 imagines
676 2010 934 2095 conprehendere
958 2010 1066 2074 animo
1082 2022 1132 2070 121

82 2101 203 2181 potest?
238 2099 310 2185 quis
338 2099 513 2165 admirari?
546 2100 618 2183 quis
646 2102 702 2164 aut
730 2100 820 2164 cultu
843 2103 900 2164 aut
923 2098 1081 2185 religione

84 2186 188 2274 dignas
215 2188 379 2254 iudicare?
423 2187 583 2273 Epicurus
611 2208 687 2252 vero
711 2209 749 2252 ex
773 2188 889 2252 animis
912 2187 1082 2252 hominum

84 2278 215 2343 extraxit
237 2277 391 2342 radicitus
414 2276 615 2363 religionem,
638 2297 710 2341 cum
733 2275 782 2340 dis
801 2275 1029 2340 inmortalibus
1049 2277 1083 2336 et
1179 2289 1184 2298 ·

85 2384 170 2448 opem
200 2369 236 2431 et
268 2365 410 2451 gratiam
443 2364 585 2430 sustulit.
636 2362 717 2429 Cum
750 2363 836 2428 enim
864 2363 1022 2446 optimam
1049 2364 1083 2425 et

56 2466 75 2506 ²⁵
85 2453 390 2535 praestantissimam
412 2456 563 2518 naturam
587 2452 638 2516 dei
660 2452 746 2517 dicat
768 2473 851 2533 esse,
873 2453 974 2535 negat
996 2447 1082 2512 idem

86 2560 146 2606 esse
167 2544 202 2608 in
226 2543 285 2607 deo
304 2542 458 2628 gratiam,
480 2541 571 2606 tollit
588 2539 630 2624 id,
654 2539 740 2625 quod
757 2538 896 2604 maxime
914 2535 1083 2622 proprium

86 2633 130 2692 est
150 2631 292 2717 optimae
315 2625 678 2714 praestantissimaeque
701 2629 845 2692 naturae.
891 2623 975 2699 Quid
998 2623 1083 2688 enim

86 2719 192 2783 melius
215 2722 274 2784 aut
297 2718 374 2802 quid
394 2717 614 2803 praestantius
633 2715 780 2780 bonitate
799 2718 832 2778 et
850 2712 1082 2778 beneficentia?

88 2801 242 2878 Quacum
265 2827 373 2871 carere
397 2806 491 2870 deum
512 2805 622 2889 vultis,
644 2802 806 2868 neminem
830 2802 888 2866 deo
910 2823 970 2866 nec
988 2801 1083 2866 deum

59 2902 138 2958 unec
157 2895 322 2960 bominem
345 2916 464 2977 carum,
485 2893 647 2958 neminem
670 2891 711 2956 ab
731 2913 768 2956 eo
788 2890 899 2975 amari,
921 2890 1083 2956 neminem

89 2979 172 3068 diligi
199 2983 310 3048 vultis.
353 2981 406 3046 Ita
434 2982 485 3066 fit,
516 2985 554 3046 ut
580 3002 647 3046 non
673 2981 769 3046 modo
792 2980 940 3045 homines
963 3003 983 3043 a
1006 2978 1083 3061 deis,

89 3069 138 3133 sed
157 3071 221 3156 ipsi
242 3071 295 3135 dei
311 3070 397 3135 inter
416 3091 450 3134 se
469 3070 510 3135 ab
530 3069 603 3134 aliis
622 3068 679 3133 alii
696 3069 923 3155 neglegantur.
955 3063 1137 3141 Quant044

91 3152 181 3224 Stoici
207 3159 337 3243 melina,
365 3158 421 3243 qui
449 3157 584 3224 avobis
607 3157 897 3242 reprehendunturl
944 3152 1085 3219 Oensent

91 3249 189 3311 autem
207 3247 368 3332 sapientes
388 3245 588 3331 sapientibus
608 3245 708 3310 etiam
725 3245 847 3331 ignotis
867 3261 937 3306 esse
954 3239 1083 3303 amicos.

63 3327 172 3398 ullibi]
199 3339 249 3400 est
275 3335 359 3400 enim
386 3335 508 3399 virtute
535 3333 720 3417 amabilium
748 3352 845 3415 quam
870 3327 924 3412 qui
947 3326 1083 3410 adeptus

93 3420 154 3505 erit,
173 3423 366 3508 ubicumque
389 3423 451 3488 en't
474 3422 629 3508 gentium,
651 3443 672 3486 a
692 3419 788 3486 nobis
808 3416 970 3500 diligetur.
1001 3413 1070 3480 Vos
1086 3423 1135 3472 122

93 3513 189 3575 autem
212 3511 290 3597 quid
312 3511 390 3576 mali
414 3510 512 3594 datis,
535 3531 609 3575 cum
630 3510 666 3574 iu
688 3505 900 3571 inbecillitate
924 3502 1084 3587 gratifica-
