2452 3938
277 216 344 274 ΜΒ.
364 217 398 273 11.
423 215 498 272 cAP.
520 221 631 272 12-19.
655 220 802 283 §cs-45.
978 217 1042 280 211

54 359 177 425 hibetur.
215 359 297 436 Quid
320 364 370 427 est
391 360 502 447 igitur,
525 359 612 445 quod
635 360 842 425 observatum
865 358 967 424 sitin
982 359 1045 424 ful-

55 449 141 532 gure?
176 447 310 514 Caelum
339 449 376 514 in
402 449 540 515 sedecim
568 448 672 532 partis
700 448 879 513 diviserunt
904 445 1044 514 Etrusci.

53 535 145 600 Facile
171 537 206 602 id
234 537 363 622 quidem
389 536 467 621 fuit,
494 539 663 620 quattuor,
690 556 771 620 quas
794 557 854 601 nos
877 536 1044 620 habemus,

54 623 216 709 duplicare,
237 628 314 711 post
335 624 420 690 idem
442 626 561 690 iterum
582 624 698 708 facere,
721 627 758 688 ut
779 646 817 688 ex
835 646 873 689 eo
893 623 1044 709 dicerent,

35 711 160 776 ⁵fulmen
187 735 252 797 qua
279 734 317 777 ex
343 717 437 799 parte
465 712 616 778 venisset.
660 711 807 777 Primum
832 712 867 778 id
894 711 971 796 quid
997 712 1044 776 in-

52 801 159 866 terest?
183 801 297 867 deinde
320 801 397 885 quid
420 799 604 887 significat?
630 798 747 865 Nonne
769 800 975 885 perspicuum
994 804 1044 864 cst

52 909 82 950 ex
100 889 205 974 prima
228 888 441 954 admiratione
460 888 638 973 hominum,
661 887 747 972 quod
765 887 911 952 tonitrua
928 888 1044 953 iactus·

52 997 101 1058 que
124 977 300 1042 fulminum
327 977 564 1062 extimuissent,
592 975 765 1042 credidisse
788 997 827 1040 ea
849 975 975 1041 efficere
997 997 1044 1040 re-

51 1085 110 1128 rum
131 1065 277 1130 omnium
298 1068 544 1150 praepotentem
561 1063 695 1129 Iovem?
731 1061 847 1148 Itaque
869 1063 905 1128 in
922 1064 1043 1128 nostris

26 1165 43 1206 1⁰
52 1153 278 1218 commentariis
293 1153 450 1239 scriptum
463 1152 634 1218 habemus:
653 1150 759 1217 ‘Iove
778 1154 952 1237 tonante,
969 1151 1045 1216 ful·

52 1245 202 1324 gurante
240 1241 400 1307 comitia
434 1241 572 1326 populi
608 1240 751 1305 habere
786 1239 919 1305 nefas?
972 1237 1044 1306 Hoc
1062 1253 1097 1301 43

50 1325 175 1394 fortasse
203 1329 252 1394 rei
281 1329 430 1415 publicae
454 1350 551 1394 causa
573 1329 787 1394 const'tutum
810 1333 874 1412 cst3
901 1329 1046 1395 comitio·

51 1437 110 1481 rum
144 1417 233 1482 enim
263 1438 331 1482 non
361 1416 584 1482 habendorum
616 1438 729 1481 causas
762 1437 832 1482 esse
863 1417 1045 1482 voluerunt.

51 1501 150 1588 ltaque
182 1505 391 1570 comitiorum
423 1505 530 1570 solum
561 1505 678 1569 vitium
709 1507 760 1568 est
790 1504 928 1588 fulmen,
959 1505 1046 1589 quod

26 1606 42 1646 1⁵
50 1590 123 1657 idem
144 1593 298 1658 omnibus
321 1592 417 1658 rebus
442 1596 611 1678 optumum
630 1591 809 1675 auspicium
827 1591 994 1676 habemus,
1017 1593 1046 1656 si

51 1679 206 1830 ffiistrum
234 1680 307 1746 fuit.
352 1678 415 1746 Sed
444 1680 482 1745 de
510 1679 662 1765 auspiciis
690 1679 755 1744 alio
783 1679 870 1764 loco,
897 1700 983 1744 nunc
1006 1679 1045 1744 de

110 1769 232 1834 oribus.

90 1790 191 1932 gQuid
205 1857 309 1942 igitur
326 1857 432 1922 minus
452 1880 471 1922 a
488 1855 631 1942 physicis
651 1854 713 1919 dici
732 1854 828 1920 debet
847 1876 945 1939 quam
959 1855 1044 1939 quic·
1057 1858 1097 1922 19

51 1964 134 2026 quam
164 1946 248 2010 certi
278 1945 454 2033 significari
480 1945 577 2010 rebus
604 1943 760 2009 incertis?
796 1941 872 2008 Non
900 1943 984 2008 enim
1012 1948 1045 2008 te

24 2037 117 2112 ¹⁰puto
139 2055 213 2098 esse
237 2056 318 2118 eum,
341 2033 397 2118 qui
414 2032 485 2098 Iovi
506 2031 632 2097 fulmen
652 2031 830 2097 fabricatos
850 2053 919 2096 esse
934 2030 1046 2116 Cyclo-

49 2139 98 2200 pas
118 2121 153 2185 in
170 2122 282 2186 Aetna
303 2125 413 2207 putcs3
434 2143 511 2185 nam
530 2123 616 2184 esset
634 2120 792 2205 mirabile,
816 2141 879 2204 quo
898 2117 993 2186 modo
1012 2119 1046 2184 id
1064 2132 1099 2182 44

50 2204 185 2293 luppiter
209 2209 330 2274 totiens
352 2209 480 2292 iaceret,
503 2229 575 2273 cum
598 2230 699 2273 unum
721 2208 871 2292 haberct3
893 2230 951 2273 nec
969 2230 1046 2273 vero

51 2291 230 2362 fulminibus
253 2297 410 2381 homines,
433 2296 510 2381 quid
533 2299 591 2361 aut
612 2296 794 2361 faciendum
817 2299 904 2361 essct
922 2300 979 2360 aut
997 2318 1047 2362 ca-

50 2385 191 2471 rendum,
220 2389 374 2451 moneret.
414 2384 527 2450 Placet
555 2384 641 2449 enim
664 2381 781 2449 Stoicis
804 2404 860 2449 cos
883 2383 1047 2448 anhelitus

23 2471 157 2559 tterrae,
186 2473 242 2558 qui
269 2472 382 2560 frigidi
405 2472 483 2556 sint,
511 2493 584 2537 cum
605 2471 705 2536 fluere
728 2471 905 2555 coeperint,
931 2474 1046 2535 ventos

51 2578 122 2645 essc3
140 2584 216 2628 cum
235 2564 344 2626 autem
362 2581 396 2625 se
412 2560 447 2624 in
463 2560 584 2625 nubem
601 2558 764 2624 induerint
782 2558 914 2641 eiusque
927 2559 1047 2622 tenuis-

51 2647 155 2715 simam
179 2670 340 2734 quamque
362 2651 490 2734 partem
513 2647 677 2731 coeperint
699 2644 840 2710 dividere
864 2649 961 2729 atque
984 2647 1047 2710 dis·

51 2753 188 2822 rumpere
211 2737 307 2822 idque
330 2735 473 2802 crebrius
495 2735 601 2800 facere
620 2737 653 2798 et
669 2731 901 2817 vehementius,
924 2737 1047 2798 tumet

50 2820 184 2909 fulgores
213 2828 246 2889 et
272 2824 419 2890 tonitrua
446 2823 598 2905 existere3
629 2822 657 2886 si
685 2825 793 2886 autem
815 2820 951 2886 nubium
974 2843 1047 2887 con-

24 2908 130 2978 afficta
162 2913 259 2978 ardor
291 2933 460 2998 expressus
494 2933 528 2976 se
560 2909 717 2994 emiserit,
748 2908 782 2972 id
814 2930 884 2974 esse
912 2910 1047 2976 fulmen.

51 2995 132 3071 Quod
158 3002 260 3088 igitur
286 2999 320 3065 vi
342 3003 490 3084 naturae,
516 2999 609 3063 nulla
632 2997 830 3082 constantia,
857 2998 949 3065 nullo
972 3003 1046 3064 rato

50 3087 185 3174 tempore
212 3085 359 3154 videmus
387 3087 484 3172 effici,
512 3109 550 3150 ex
578 3108 615 3151 eo
645 3085 916 3172 significationem
938 3108 1046 3152 rerum

51 3176 304 3261 consequentium
335 3175 541 3260 quaerimus?
579 3171 722 3259 Scilicet,
751 3174 780 3238 si
808 3174 873 3238 ista
900 3173 1047 3257 Iuppiter

52 3261 247 3349 significaret,
265 3268 335 3330 tam
353 3263 459 3328 multa
475 3262 599 3327 frustra
610 3260 749 3328 fulmina
763 3260 940 3326 emitteret!
964 3259 1047 3335 Quid
1065 3271 1099 3321 45

24 3350 128 3416 ⁵⁵enim
158 3353 300 3438 proficit,
332 3373 405 3418 cum
436 3351 471 3415 in
503 3349 644 3415 medium
676 3371 765 3414 mare
796 3349 921 3412 fulmen
948 3347 1046 3413 iecit?

52 3438 132 3524 quid,
155 3462 226 3506 cum
248 3441 284 3505 in
307 3439 485 3506 altissimos
509 3437 642 3521 montis,
666 3437 752 3521 quod
773 3437 963 3520 plerumque
985 3435 1046 3501 fit?

52 3525 133 3612 quid,
158 3550 231 3594 cum
257 3529 293 3593 in
315 3528 459 3592 desertas
483 3525 697 3591 solitudines?
727 3524 817 3608 quid,
844 3543 917 3588 cum
939 3523 974 3587 in
996 3544 1046 3587 ea-

780 3626 834 3679 14·
