2476 3936
140 167 207 232 324
498 163 546 217 uu
564 159 786 216 curvamen

142 309 331 378 constitutio
345 307 478 376 Romuli
500 328 573 373 cum
594 307 924 392 ducentos-anneset
941 303 1061 391 viginti
1078 303 1151 372 tere

141 399 235 462 firma
258 397 467 462 mansisset..
483 447 489 460 .
505 447 512 462 .
555 395 695 478 (craias
710 416 752 476 pa·
766 397 838 460 526.
863 395 908 477 7.)

209 486 309 567 [Hinc
334 490 390 562 est,
416 485 497 568 qood
521 485 653 568 reponat
674 482 913 553 maratana
934 481 1153 562 conferentes

141 595 250 642 abaco
271 574 402 656 inperio
424 573 566 654 binosque
586 573 784 653 imperotores
804 571 868 640 sibi.
881 571 984 650 fecere,
1006 573 1063 652 qai
1080 591 1151 637 con·

141 664 221 731 soles
243 662 390 745 appellati
410 665 483 728 suat
504 681 527 724 o
547 660 741 737 soconda
762 679 827 726 nco
847 677 932 741 reyes
945 664 1011 724 'aut
1029 659 1152 725 donini
1182 677 1196 717 s

141 773 163 816 o
189 751 344 832 regnando
369 755 459 831 aqva
472 749 689 819 'dominanda
725 746 935 830 (Aepolium
960 748 998 814 de
1023 748 1083 816 cia
1102 747 1152 812 dei

142 956 169 1008 p.
189 839 278 1008 35}ss
313 978 319 992 .
335 926 446 992 ...lex
463 925 522 990 illa
540 927 613 994 tota
630 924 761 991 sublata
776 927 835 991 est.
852 922 939 993 :Hac
955 927 1066 996 mense
1080 928 1152 992 tum

142 1015 248 1082 nostri
274 1015 412 1082 maiores
441 1016 474 1078 ct
499 1011 708 1078 Conlatinum
729 1011 937 1080 -innoeemem
965 1013 1151 1098 suspicione

143 1103 345 1190 cognationis
376 1102 567 1186 expulerunt
585 1104 629 1168 ,et
644 1100 801 1184 ,reliquos
828 1099 1024 1184 Tarquinios
1054 1101 1152 1168 olisn-
1167 1122 1195 1160 ro

144 1193 233 1258 sione
255 1189 408 1272 nominis3
432 1189 606 1273 eademque
629 1191 736 1256 moute
758 1187 794 1256 Ρ.
812 1181 965 1255 Valerius
988 1193 1024 1256 st
1046 1188 1152 1256 fasces

142 1280 267 1366 primus
290 1277 418 1344 demitti
440 1277 549 1360 iussit,
573 1299 646 1342 cum
670 1276 774 1344 dicere
796 1277 1006 1346 incautione
1029 1279 1152 1362 coepis-

142 1371 205 1450 set,
233 1370 268 1430 et
300 1365 387 1432 aedis
418 1386 493 1429 suas
519 1365 645 1436 detulit,
664 1364 724 1430 sub
751 1363 895 1448 Veliam,
922 1369 1151 1451 posteaquam,

142 1455 228 1541 quod
254 1454 289 1518 iu
311 1453 483 1519 excelsiore
506 1454 577 1518 loco
600 1451 713 1522 Veliae
735 1453 895 1538 coepisset
917 1453 1091 1524 aedificare
1113 1477 1150 1520 eo

141 1574 169 1624 p.
188 1546 235 1624 ao]
259 1543 344 1628 ipsc,
371 1541 427 1607 ubi
449 1563 506 1606 rex
525 1543 530 1626 1
551 1541 665 1608 Tullus
682 1541 908 1630 habitaverat,
931 1543 1150 1627 suspicionem
1166 1563 1194 1602 1⁵

141 1632 255 1718 populi
277 1630 378 1696 sensit
401 1631 536 1713 moveri3
565 1629 727 1713 idemque,
749 1630 783 1696 iu
806 1651 869 1712 quo
892 1630 956 1700 fuit
979 1629 1151 1700 Publicola

143 1721 290 1803 maxime,
313 1721 419 1804 lagem
443 1718 483 1785 ad
506 1718 866 1803 populum-tuliteam,
889 1739 973 1802 quae
990 1722 1151 1788 centuria·

142 1810 186 1872 tis
209 1807 349 1873 comitiis
371 1807 477 1890 prima
495 1806 564 1870 lata
583 1809 641 1889 est,
663 1828 704 1870 ne
723 1806 794 1890 quis
812 1807 1029 1893 magistratus
1047 1810 1150 1877 civem

143 1898 326 1962 Romanum
353 1894 507 1959 adversus
534 1894 795 1978 provocationem
823 1898 954 1980 necaret
976 1918 1150 1971 nevever·

89 2001 125 2050 54
142 1986 279 2050 beraret.
313 1982 582 2047 Provocationem
606 1985 714 2046 autem
737 1983 836 2054 etiam
859 2005 879 2048 a
896 1984 1030 2070 regibus
1049 1985 1150 2050 fuisse
1165 2005 1193 2044 so

143 2073 308 2137 declarant
347 2069 506 2155 pontificii
546 2069 636 2154 libri,
677 2067 861 2154 significant
900 2073 1009 2136 nostri
1050 2074 1150 2138 etiam

141 2189 169 2240 p.
189 2159 254 2240 119]
279 2159 459 2244 augurales,
480 2158 645 2242 litemque
669 2159 709 2224 ab
728 2159 822 2228 omni
844 2158 962 2224 iudicio
980 2181 1150 2246 poenaque

141 2247 311 2332 provocari
333 2247 430 2311 licere
452 2246 596 2313 indicant
618 2263 669 2311 x11
692 2246 823 2312 tabulae
842 2249 1051 2331 conpluribus
1070 2250 1150 2334 legi-

141 2338 216 2418 bus3
239 2339 272 2399 et
295 2334 381 2418 quod
403 2333 568 2419 proditum
590 2335 765 2410 memoriae
781 2339 852 2418 est,
874 2335 1002 2420 xviros,
1026 2339 1083 2422 qui
1106 2339 1149 2403 le

143 2446 199 2510 ges
223 2423 420 2507 scripserint,
444 2421 512 2486 siue
530 2423 760 2506 provocatione
780 2425 914 2506 creatos,
938 2426 1021 2490 satis
1040 2427 1148 2491 osten·
1162 2445 1189 2483 2⁵

143 2513 226 2577 derit
243 2511 386 2595 reliquos
401 2510 469 2574 sinc
482 2509 712 2594 provocatione
726 2511 939 2596 magistratus
953 2513 1150 2600 neminisse,

141 2599 294 2684 Luciique
316 2597 441 2664 Valerii
463 2597 565 2662 Potiti
593 2602 626 2662 et
647 2597 690 2662 M.
713 2597 844 2664 Horatii
865 2598 1018 2686 Barbati,
1044 2603 1150 2669 homi·

141 2711 219 2752 num
241 2687 430 2753 concordiae
453 2707 550 2751 causa
574 2687 736 2771 sapienter
758 2687 978 2773 popularium,
1001 2693 1150 2757 consula-

141 2805 168 2854 p.
190 2777 254 2855 120]
278 2775 323 2838 ris
350 2775 402 2840 lex
430 2774 551 2857 sanxit,
575 2775 579 2858 Ι
604 2795 644 2839 ne
668 2775 723 2858 qui
746 2776 958 2862 magistratus
983 2778 1052 2844 sine
1075 2803 1150 2864 pro·

142 2863 309 2928 vocatione
338 2866 514 2945 crearetur;
543 2884 647 2946 neque
674 2885 750 2927 vero
779 2864 866 2950 leges
889 2863 1037 2950 Porciae,
1064 2891 1149 2953 quae
1162 2887 1188 2926 ³0

141 2955 208 3016 tres
232 2953 308 3014 suut
330 2949 429 3014 trium
451 2949 651 3034 Porciorum,
673 2954 711 3016 ut
734 2951 837 3035 scitis,
861 2952 1034 3037 quicquam
1056 2979 1149 3042 prae

89 3051 122 3100 55
141 3043 192 3103 ter
214 3037 413 3102 sanctionem
435 3037 615 3102 attulerunt
632 3039 717 3104 novi.
752 3039 867 3124 ltaque
884 3040 1056 3108 Publicola
1074 3045 1148 3130 lege

140 3127 199 3191 illa
223 3127 261 3191 de
279 3125 508 3210 provocatione
526 3127 654 3209 perlata
672 3127 785 3192 statim
804 3129 923 3204 securis
942 3130 982 3195 de
999 3130 1146 3199 fascibus

140 3214 225 3279 demi
237 3213 332 3278 iussit
341 3213 561 3298 postridieque
570 3214 633 3278 sibi
643 3215 802 3300 collegam
812 3214 865 3300 Sp.
875 3216 1063 3285 Lucretium
1073 3222 1148 3286 sub·

139 3302 270 3387 rogavit
284 3323 430 3385 suosque
442 3301 483 3365 ad
501 3322 582 3384 eum,
602 3304 687 3386 quod
702 3307 772 3368 erat
790 3305 894 3370 maior
906 3310 995 3390 natu,
1014 3308 1147 3375 lictores
1160 3326 1186 3366 ³⁵

139 3415 166 3469 p.
187 3391 251 3468 185]
275 3389 414 3452 transire
436 3386 540 3473 iusisit
562 3389 768 3475 instituitque
790 3393 922 3478 primus,
945 3399 982 3458 ut
1006 3397 1146 3484 singulis

66 3504 69 3507 ·
139 3474 323 3538 consulibus
360 3475 494 3541 alternis
529 3477 694 3544 mensibus
710 3523 711 3526 =
727 3480 858 3550 lictores
889 3482 1069 3569 praeirent,
1103 3507 1146 3551 nc
