2510 3936
314 206 382 261 LIB.
401 208 435 294 Ι.1
448 207 524 264 cnr.
544 215 658 264 22-24.
682 215 831 276 ete-ee.
1007 212 1073 278 403

64 351 177 417 omnia
199 353 293 437 quasi
316 353 517 438 saepimento
540 353 650 439 aliquo
672 354 812 420 vallabit
831 347 1009 420 disserendi
1025 378 1075 420 re-

63 441 168 523 tione,
194 441 265 506 veri
288 444 322 506 et
342 441 422 507 falsi
442 441 604 508 indicendi
627 443 762 508 seientia
785 446 819 507 et
841 448 912 509 erte
935 444 1075 528 quedem

62 528 290 614 intellegendi,
314 529 390 615 quid
414 552 573 616 quumque
595 553 664 596 rem
688 536 850 616 sequatur,
873 535 907 596 et
931 532 1007 616 quid
1031 533 1075 597 eit

64 618 205 702 quoique
220 618 429 684 eontrarium.
457 617 625 703 Quomque
640 640 673 684 se
688 619 730 684 ed
743 620 872 686 civilem
886 621 1075 686 societatem

38 709 179 770 unetum
212 706 362 790 senserit,
393 729 460 773 non
491 707 599 773 solum
624 708 684 772 ille
712 707 825 773 subtili
853 709 1074 794 disputatione

63 794 126 859 sibi
149 794 306 860 utendum
329 796 473 880 putabit,
499 795 555 861 sed
578 797 677 862 etiam
699 796 773 861 fuse
795 797 895 862 letius
917 801 1074 883 perpetue

62 881 226 967 oratione,
250 905 314 969 que
336 888 430 971 regat
452 885 606 970 populos,
630 907 694 969 que
717 884 865 963 stabiliet
887 885 986 972 leges,
1009 907 1073 969 que

62 967 204 1056 castiget
225 971 401 1057 improboq
425 995 489 1058 que
511 976 641 1037 tueatur
663 973 777 1057 bonos,
800 996 864 1057 que
881 973 992 1039 laudet
1010 974 1073 1038 elu-

62 1082 117 1125 roe
140 1059 240 1144 vitoe,
263 1082 327 1144 que
348 1065 521 1146 praecepte
540 1061 655 1126 salutis
674 1065 707 1126 et
725 1061 831 1126 leudis
851 1065 925 1147 apte
945 1061 986 1126 ed
1003 1083 1073 1146 per·-

26 1163 49 1204 10
63 1147 263 1214 suadendum
290 1148 366 1214 edet
392 1149 459 1214 suis
489 1149 628 1233 civibus,
656 1171 720 1234 que
746 1149 874 1215 hortari
901 1149 941 1214 ed
969 1149 1073 1233 decus,

61 1257 216 1303 revocare
240 1259 259 1302 e
281 1237 417 1323 flagitiq
440 1238 602 1304 consolari
623 1238 729 1323 possit
753 1237 900 1303 edflietoe
922 1238 1072 1322 factaque

62 1330 94 1392 et
129 1326 279 1391 consulte
304 1325 439 1392 fortium
467 1330 501 1391 et
528 1326 724 1412 sapientium
751 1349 824 1392 oum
850 1326 1073 1411 improborum

60 1413 245 1501 ignominia
259 1414 464 1499 sempiternis
477 1415 694 1481 monumentis
707 1415 853 1501 prodere.
877 1413 964 1490 Quae
975 1435 1072 1498 quom

61 1507 114 1569 tot
137 1523 190 1568 res
213 1505 388 1587 tantaeque
411 1503 486 1588 sint,
508 1525 590 1587 quae
612 1503 719 1568 inesse
741 1504 777 1567 in
798 1503 929 1568 homine
952 1503 1073 1588 perspi-

25 1608 48 1648 15
61 1593 192 1658 cientur
215 1591 256 1657 eb
279 1591 329 1675 iis,
353 1592 408 1677 qui
430 1614 465 1656 se
487 1591 551 1676 ipsi
573 1591 676 1656 velint
698 1612 803 1675 nosse,
826 1613 937 1655 earum
955 1611 1073 1675 parens

60 1684 112 1746 eet
137 1679 366 1764 educatrixque
390 1680 560 1766 sapientie.
594 1679 671 1746 Aru.
688 1677 836 1744 Laudete
854 1678 983 1762 quidem
1002 1699 1021 1744 a
1039 1681 1072 1744 te

60 1768 210 1857 graviter
237 1771 270 1832 et
296 1790 384 1853 vere3
412 1769 468 1834 sed
491 1788 628 1853 quorsus
650 1767 713 1833 hoo
735 1767 898 1852 pertinet?
933 1767 981 1834 M.
1003 1765 1072 1830 Pri·
1091 1779 1125 1828 63

60 1879 154 1924 mum
182 1855 224 1921 ed
250 1879 301 1941 ee,
327 1856 501 1942 Pomponi,
529 1856 567 1920 de
595 1856 711 1940 quibus
738 1855 842 1921 acturi
863 1855 930 1920 iam
953 1877 1072 1938 eumue,

60 1967 147 2032 quae
178 1946 273 2010 tante
302 1965 372 2010 esse
401 1946 565 2029 volumue3
596 1966 663 2009 non
691 1943 778 2009 enim
805 1946 912 2026 erunt,
942 1943 1008 2007 nisi
1034 1965 1073 2008 ee

24 2033 200 2117 uiuerint,
227 2032 311 2098 unde
334 2034 393 2099 ille
416 2037 563 2118 manent,
591 2031 801 2118 amplissime.
841 2031 965 2097 Deinde
987 2031 1071 2096 feeio

60 2128 94 2190 et
115 2123 266 2187 lubenter
285 2125 326 2206 et,
345 2126 382 2187 ut
396 2144 501 2208 spero,
518 2125 614 2206 reete,
633 2121 720 2206 quod
734 2143 815 2204 eum,
834 2120 949 2207 quoiue
964 2119 1071 2185 studio

59 2218 178 2278 teneor
201 2231 345 2295 quaeque
368 2233 420 2276 me
443 2232 526 2294 eum,
552 2211 743 2295 quicumque
767 2231 847 2293 sum,
870 2208 984 2292 effecit,
1006 2229 1073 2273 non

58 2321 198 2388 possum
222 2298 351 2363 silentio
374 2297 560 2384 praeterire.
595 2299 672 2364 Aur.
689 2295 776 2362 Vero
799 2297 880 2362 fecis
903 2301 936 2361 et
954 2296 1071 2361 merito

60 2393 95 2454 et
119 2387 183 2474 pie,
205 2385 330 2471 fuitque
349 2387 392 2473 id,
413 2390 451 2452 ut
470 2385 558 2471 dieis,
580 2386 616 2450 in
632 2385 694 2451 hoe
713 2406 860 2450 sermone
877 2384 1072 2450 faciundum.

463 2704 675 2715 —--———=-
