2476 3936
147 157 214 224 312
506 153 556 208 or
575 153 623 207 nu
640 150 795 208 rusum

147 331 174 384 p.
190 303 255 382 242]
273 300 309 365 in
330 298 364 365 id
382 298 545 365 saeculum
563 297 696 363 Romuli
713 295 828 362 oeoidit
846 299 946 380 setae,
968 319 1040 362 oum
1058 297 1063 382 Ι
1083 298 1152 362 iam

147 391 245 475 plena
268 384 404 453 Graecia
425 389 595 471 poetarum
614 389 646 450 et
665 385 860 449 musicorum
879 388 966 450 esset
983 385 1152 470 minorque

147 477 267 543 fabulis
280 475 355 544 nisi
377 474 415 540 de
437 474 601 539 veteribus
624 473 719 538 rebus
742 472 917 537 haberetur
939 472 1027 539 fides.
1064 471 1153 538 Nam

148 569 277 632 eentum
304 566 337 628 et
367 566 440 629 ooto
464 563 556 628 annis
579 564 752 647 postquam
774 559 942 648 Lyeurgus
965 562 1054 648 leges
1077 563 1154 626 sori-

147 655 224 719 bere
250 649 407 736 instituit,
433 651 539 736 prima
561 649 670 735 posita
692 653 742 714 est
764 647 942 734 Olympias,
965 671 1063 734 quam
1087 651 1180 734 qui-⁵

148 742 224 806 dam
253 739 394 805 nominis
422 761 530 804 errore
549 739 599 809 ¹ab
627 738 739 804 eodem
764 736 914 822 Lycurgo
941 737 1156 803 constitutam

148 832 279 916 putant3
308 827 487 892 Homerum
515 831 636 909 autem,
666 826 721 911 qui
748 825 918 890 minimum
941 825 1066 912 dieunt,
1096 825 1157 910 Ly-

98 932 132 982 19
149 917 242 1004 ourgi
269 917 371 981 aetati
396 915 535 1002 triginta
557 914 650 980 annis
673 917 873 998 anteponunt
895 914 972 979 fere.
1016 913 1069 978 Ex
1091 935 1157 1000 qno

149 1036 175 1086 p.
195 1007 260 1087 301]
283 1005 432 1090 intellegi
449 1007 560 1089 potest
576 1002 747 1088 permultis
765 1002 858 1066 annis
877 999 962 1088 anlte
975 1001 1158 1068 Homerum

148 1095 249 1159 fuisse
278 1115 376 1177 quam
399 1091 587 1174 Romulum,
616 1095 663 1155 ut
681 1091 747 1155 iem
775 1090 1098 1156 doetis·hominibus
1123 1107 1192 1157 ηοω

149 1181 350 1266 temporibus
373 1180 453 1264 ipsis
477 1179 610 1244 eruditis
634 1179 675 1244 ad
696 1179 883 1264 fingendum
905 1179 959 1244 vix
983 1180 1158 1264 quiequam

108 1293 110 1306 ³
150 1274 236 1335 esset
253 1268 325 1334 looi.
357 1267 546 1352 Antiquitas
566 1268 651 1332 enim
669 1267 790 1352 recepit
804 1266 932 1332 fabulas
947 1267 1042 1332 fictas
1058 1269 1159 1333 etiam

148 1379 215 1423 non
233 1352 418 1442 uumqulam
436 1355 607 1440 incondite,
625 1354 705 1421 heeo
720 1359 809 1420 aetas
824 1358 934 1420 autem
947 1355 1014 1421 iam
1028 1356 1160 1422 exsulta

150 1444 343 1532 praesertim
370 1442 500 1508 eludens
528 1465 636 1528 omne,
664 1443 751 1528 quod
777 1443 847 1508 fieri
869 1465 936 1508 non
957 1448 1085 1530 potest,
1113 1467 1158 1509 re

152 1533 248 1620 spuit.
285 1531 494 1615 (Amorraeus
516 1533 553 1598 ola
574 1533 628 1597 oio.
651 1533 700 1597 dei
721 1531 836 1596 XXII
854 1531 899 1615 6.)
1170 1547 1191 1588 1⁵

97 1635 134 1686 20
150 1651 179 1703 p.
197 1623 263 1703 eon]
338 1641 458 1685 ....us
483 1641 579 1703 nepos
605 1621 684 1703 eius,
711 1623 749 1684 ut
776 1619 923 1692 dixerunt
949 1620 1098 1706 quidam,
1125 1643 1159 1687 er

150 1711 228 1776 filia.
270 1707 339 1784 Quo
366 1714 469 1774 autem
494 1709 551 1773 ille
574 1713 731 1792 mortuus,
758 1708 868 1772 eodem
890 1713 935 1774 est
955 1729 1043 1774 auno
1066 1716 1161 1776 natus

151 1797 329 1864 Simonides
352 1795 538 1882 Olympiade
557 1799 645 1862 sexta
667 1800 701 1860 et
723 1795 1002 1882 quinquagesima,
1023 1803 1062 1863 ut
1080 1797 1159 1880 faoi-

151 1916 178 1966 p.
198 1889 245 1967 or]
269 1886 333 1950 lius
362 1883 504 1969 intellegi
529 1886 631 1970 possit
657 1889 724 1948 tam
752 1884 790 1948 de
813 1883 942 1950 Romuli
968 1883 1159 1974 inmorltali·

151 1977 220 2039 tate
248 1973 418 2056 creditum,
446 1993 518 2037 oum
544 1972 612 2037 iem
633 1972 815 2038 inveterata
837 1972 906 2037 vita
927 1973 1100 2039 hominum
1125 1991 1192 2040 ao2⁰

151 2065 294 2128 tractata
319 2065 404 2126 esset
427 2065 461 2124 et
483 2060 622 2146 cognita.
667 2057 730 2125 Sed
752 2060 898 2145 profecto
921 2065 1016 2127 tanta
1038 2062 1106 2128 fuit
1128 2064 1160 2127 in

153 2171 190 2214 eo
217 2147 266 2214 vis
293 2148 416 2234 ingenii
443 2152 541 2233 etque
567 2147 713 2232 virtutis,
739 2153 777 2213 ut
799 2148 833 2214 id
856 2149 894 2212 de
917 2148 1059 2216 Romulo
1082 2149 1159 2216 Pro-

153 2238 225 2302 oulo
243 2235 337 2319 Iulio,
355 2236 481 2301 homini
499 2237 629 2324 agresti,
648 2236 838 2321 crederetur,
856 2237 943 2321 quod
960 2239 1075 2306 multis
1094 2239 1159 2304 iam

153 2329 228 2390 ante
256 2324 392 2390 saeculis
419 2324 511 2389 nullo
534 2325 598 2389 elio
621 2324 661 2389 de
683 2325 816 2390 mortali
838 2324 985 2390 homines
1008 2325 1158 2392 credidis·

153 2416 238 2496 sent,
267 2413 323 2497 qui
348 2413 481 2497 inpulsu
502 2416 646 2496 patrum,
674 2433 737 2498 quo
759 2412 811 2477 illi
833 2434 852 2477 a
875 2435 909 2477 se
932 2413 1090 2480 invidiam
1114 2416 1190 2480 in-rs

152 2502 268 2567 teritus
292 2500 424 2566 Romuli
446 2499 619 2585 pellerent,
640 2501 675 2564 in
698 2501 847 2577 contione
870 2501 988 2566 dixisse
1010 2501 1119 2569 fertur
1141 2525 1159 2568 a

152 2619 180 2670 p.
200 2592 248 2670 os]
272 2611 306 2653 se
328 2588 435 2654 visum
458 2608 527 2652 esse
549 2588 584 2652 in
607 2609 645 2652 eo
664 2589 748 2654 eolle
767 2588 772 2672 l
791 2588 975 2673 Romulum,
998 2591 1056 2674 qui
1073 2613 1160 2657 nuno

153 2676 329 2753 Quirinalis
356 2680 505 2760 vocatum
536 2697 609 2740 eum
636 2675 700 2740 sibi
721 2676 909 2760 mandasse,
935 2681 973 2742 ut
999 2681 1159 2764 populum

153 2769 293 2850 rogaret,
316 2768 353 2828 ut
376 2765 439 2829 sibi
462 2786 500 2829 eo
522 2764 557 2828 in
579 2764 662 2829 oolle
686 2765 855 2830 delubrum
876 2765 982 2850 fieret3
1004 2787 1040 2831 se
1064 2767 1159 2833 deum

103 2851 629 3026 llesseVideiilslirleniugiluioiririiis
652 2941 715 3007 viri
738 2941 872 3008 oonsilio
895 2963 961 3006 non
984 2943 1093 3010 solum
1112 2872 1190 3010 or·³⁰

101 2997 135 3046 ²¹
154 3032 225 3092 tum
245 3049 366 3092 novum
384 3029 541 3113 populum
558 3051 661 3113 neque
679 3033 716 3093 ut
734 3029 955 3094 incunabulis
973 3031 1158 3116 vagientem

154 3117 317 3200 relietum,
347 3116 404 3179 sed
427 3116 573 3180 adultum
594 3117 662 3182 iam
685 3121 718 3182 et
739 3139 840 3202 paene
862 3118 1039 3203 puberem?
1077 3119 1158 3185 'l'um

153 3203 297 3269 Laelius:
324 3202 394 3270 Nos
420 3225 497 3269 vero
525 3203 683 3289 videmus,
710 3209 743 3270 et
770 3206 953 3290 tequidem
975 3207 1157 3294 ingressum
1222 3223 1223 3272 l

154 3320 182 3371 p.
202 3294 251 3372 81]
279 3292 405 3356 ratione
433 3290 474 3356 ad
497 3291 726 3375 disputandum
747 3316 844 3378 nova,
872 3316 954 3378 quae
974 3293 978 3382 l
997 3309 1188 3380 nusquamtl

155 3383 205 3442 est
223 3378 258 3441 in
273 3377 470 3442 Graecorum
490 3378 591 3442 libris.
624 3379 711 3445 Nam
728 3382 878 3467 princeps
896 3382 961 3467 ille,
981 3404 1044 3466 quo
1062 3405 1156 3450 nemo

154 3463 189 3526 in
217 3463 384 3528 scribendo
407 3465 627 3547 praestantior
648 3467 724 3552 fuit,
752 3491 860 3534 aream
883 3470 946 3534 sibi
969 3471 1100 3557 sumsit,
1126 3473 1157 3536 in
