2510 3936
179 166 244 231 386
572 163 621 217 DE
639 163 794 218 LEGIBUS

178 309 305 376 muneri
330 307 554 396 praefuerunt,
580 308 724 374 universi
745 307 826 372 inrie
847 307 950 373 fuisse
972 307 1113 394 expertis
1134 329 1181 372 ex·

179 399 305 482 istimo,
328 397 385 462 sed
406 398 469 462 hoe
491 397 600 480 civile,
623 396 710 481 quod
731 399 864 479 vocant,
887 400 1021 461 eatenus
1043 417 1182 462 exercre

179 491 264 570 runt,
287 485 394 571 quoad
416 485 537 571 populo
560 489 728 570 praestare
749 485 933 550 voluerunt.
969 484 1009 548 Id
1026 488 1135 550 autem
1151 485 1183 548 in

179 575 365 660 cognitione
391 578 488 639 tenue
515 577 579 659 est,
605 574 641 638 in
667 595 729 638 usu
750 573 978 638 necessarium.
1019 571 1124 648 Quam
1145 573 1183 637 ob

179 661 950 838 ltululeltluullqtlldltll
966 661 1206 816 tillut*

181 840 430 925 stipulationum
449 843 483 906 et
499 839 693 905 iudiciorum
710 839 869 904 formulas
883 839 1090 924 conponam?
1108 857 1185 923 quae

181 933 214 995 et
232 930 415 1014 conscripta
436 951 457 994 a
469 929 583 994 multis
597 931 674 992 runt
687 927 862 1013 diligenter
876 931 910 993 et
923 931 1002 994 eunt
1014 927 1186 993 humiliora

181 1041 278 1104 quam
300 1018 369 1101 illa,
392 1039 474 1102 quae
497 1039 518 1082 a
539 1017 634 1083 nohis
657 1016 821 1101 expectari
842 1019 932 1104 puto.
976 1016 1056 1083 Arr.
1079 1014 1186 1100 Atqui,

182 1109 209 1173 si
233 1108 375 1192 quaeris,
399 1125 460 1191 ego
483 1105 562 1190 quid
583 1109 758 1191 expectem,
782 1105 937 1189 quoniam
959 1105 1120 1192 seriptum
1141 1108 1218 1168 estu

182 1219 202 1262 a
230 1201 264 1260 te
294 1195 334 1260 dc
361 1195 485 1280 optimo
512 1194 560 1259 rei
587 1193 737 1279 publicae
764 1197 867 1277 statu,
897 1215 1100 1278 consequens
1122 1213 1187 1258 esse
1238 1199 1239 1220 ¹

180 1284 320 1367 ridetur,
347 1287 386 1349 ut
415 1283 537 1348 scribae
565 1286 602 1348 tu
628 1283 714 1348 idem
737 1281 776 1348 de
798 1281 941 1368 legibue,
967 1282 1015 1347 sio
1038 1284 1128 1348 enim
1148 1281 1187 1344 fe

181 1373 262 1438 cisse
289 1371 383 1437 rideo
408 1371 580 1436 Platonem
606 1371 701 1436 illum
727 1374 833 1454 tuum,
866 1392 961 1455 quem
988 1374 1026 1435 tn
1054 1370 1187 1436 admira·

181 1461 242 1544 ris,
272 1483 368 1545 quem
395 1459 545 1526 omnibus
574 1459 758 1544 anteponis,
788 1479 884 1544 quem
906 1459 1047 1524 maxime
1071 1459 1186 1546 diligis.

181 1550 228 1615 M.
250 1547 352 1614 Visne
382 1549 497 1634 igitur,
528 1551 567 1613 ut
593 1548 650 1613 ille
677 1545 793 1613 Cretae
820 1569 894 1613 eum
921 1545 1030 1613 Olinia
1057 1552 1095 1613 et
1120 1561 1218 1613 curun

180 1637 435 1703 Lacedaemonio
456 1636 591 1724 Megillo
619 1636 758 1720 aestivo,
786 1657 882 1722 quem
909 1636 951 1702 ad
977 1636 1115 1702 modum
1142 1636 1187 1700 de

182 1727 309 1810 scribit,
331 1727 382 1790 die
404 1726 440 1790 in
461 1726 657 1810 cupressetis
681 1723 877 1790 Gnosiorum
900 1729 934 1790 et
956 1723 1074 1810 spatiis
1100 1726 1187 1790 silve-

182 1816 303 1880 stribus
344 1814 457 1880 crebro
497 1814 666 1898 insistens,
706 1812 868 1878 interdum
890 1813 1119 1900 ‚adquiescens
1153 1812 1187 1876 de
1240 1827 1241 1852 ³

180 1903 341 1968 institutis
375 1923 484 1967 rerum
517 1903 722 1988 publicarum
754 1923 791 1966 ac
823 1901 862 1968 de
894 1902 1028 1986 optimis
1061 1901 1187 1989 legibus

181 1991 339 2076 disputat,
368 1991 415 2056 sie
441 2011 500 2055 noe
527 1991 613 2056 inter
641 1990 702 2056 has
724 1989 969 2074 procerissimae
991 1992 1136 2077 populos
1156 1991 1219 2054 ino

181 2079 277 2144 viridi
295 2101 459 2163 opacaque
477 2079 550 2164 ripa
567 2079 816 2161 inambulantes,
833 2083 905 2143 tum
924 2081 1034 2143 antem
1050 2079 1187 2145 residen·
1241 2103 1242 2148 3

180 2171 231 2232 tes
255 2187 447 2250 quaeramus
469 2167 572 2232 isdem
594 2166 634 2232 de
657 2168 754 2232 rebus
777 2166 900 2251 aliquid
921 2167 1068 2253 uberius,
1094 2189 1187 2254 quam

131 2254 319 2319 1olorensis
346 2275 424 2320 usus
453 2255 636 2320 desiderat?
677 2256 753 2322 Arr.
780 2255 853 2342 Ego
880 2277 959 2322 rero
985 2256 1053 2320 ista
1080 2257 1187 2324 audire
1241 2257 1242 2266 ’

181 2344 284 2429 cupio.
320 2343 368 2408 M.
391 2341 475 2420 Quid
503 2344 550 2409 ait
572 2342 734 2419 Quintus?
771 2343 807 2424 Q.
829 2341 931 2409 Nulla
953 2343 993 2408 dc
1014 2365 1052 2409 rc
1074 2345 1186 2430 magis.

181 2433 228 2498 M.
250 2433 295 2498 Et
317 2435 404 2497 recte
428 2431 565 2515 quidem.
600 2431 688 2497 Nam
711 2431 758 2497 eie
779 2432 944 2515 habetote,
964 2431 1059 2497 nullo
1081 2433 1119 2500 in
1139 2446 1218 2520 geu

180 2543 256 2586 nere
279 2520 474 2605 disputando
495 2520 671 2604 †honesta
688 2520 844 2606 patefieri,
867 2520 945 2605 quid
963 2520 1187 2586 sithominis

180 2612 298 2674 natura
315 2609 486 2693 tributum,
504 2612 661 2693 quantam
679 2609 745 2674 vim
761 2629 869 2673 rerum
884 2609 1085 2694 optimarum
1099 2629 1186 2675 mens

75 2760 93 2781 r
180 2697 324 2762 humana
346 2697 520 2781 contineat,
542 2697 632 2762 euius
655 2697 797 2762 muneris
810 2697 946 2762 ¹colendi
965 2697 1186 2781 'efficiendiqna

180 2807 277 2850 causa
295 2785 365 2849 uati
384 2789 417 2850 ct
434 2785 470 2849 in
487 2786 592 2850 lucem
611 2785 690 2850 editi
708 2785 818 2870 simus,
840 2807 923 2872 quae
941 2786 985 2850 eit
1003 2785 1186 2852 coniunctio

179 2872 357 2955 hominum,
376 2894 458 2958 quae
475 2874 636 2938 naturalis
656 2873 794 2938 societas
811 2873 898 2938 inter
911 2874 1015 2959 ipsos,
1033 2873 1088 2941 his
1103 2874 1185 2940 enim
1198 2887 1219 2928 ³⁰

131 2973 161 3020 Π
182 2959 351 3046 explicatis
380 2961 454 3026 fons
481 2962 591 3048 legum
618 2965 651 3026 et
678 2961 758 3027 iuris
784 2962 923 3027 inveniri
948 2966 1068 3048 potest.
1111 2963 1185 3030 Arr.

179 3045 255 3112 Non
278 3068 356 3134 ergo
380 3070 400 3112 a
422 3050 582 3133 praetoris
606 3050 720 3135 edicto,
743 3054 780 3115 ut
802 3051 948 3135 plerique
965 3071 1060 3135 nune,
1082 3071 1184 3134 neque

180 3158 200 3200 a
222 3135 389 3201 duodecim
411 3138 546 3224 tabulis,
568 3142 606 3204 ut
628 3139 825 3223 superiores,
847 3140 904 3204 sed
926 3139 1056 3225 penitus
1080 3161 1119 3204 cx
1140 3140 1185 3202 in-

178 3224 260 3288 tima
284 3225 494 3310 philosophia
516 3227 728 3293 hauriendam
750 3228 829 3293 iuris
853 3227 1057 3312 disciplinam
1079 3232 1183 3313 putas.

179 3313 226 3375 Μ.
248 3305 324 3376 Non
351 3314 437 3377 enim
463 3314 497 3378 id
525 3315 708 3399 quaerimus
735 3317 798 3381 hoe
824 3337 985 3399 sermone,
1015 3314 1219 3401 Pomponi,³⁵

180 3419 275 3481 quem
303 3399 343 3463 ad
371 3402 508 3465 modum·
525 3423 695 3468 caveamus
718 3405 752 3469 in
775 3404 843 3469 iure
867 3408 923 3470 aut
947 3403 1023 3489 quid
1047 3404 1087 3470 de
1109 3424 1183 3488 qna

130 990 162 1114 ,ἓ

180 3505 241 3567 que
263 3487 501 3552 consultatione
523 3491 783 3575 respondeamus.
820 3490 871 3557 Sit
892 3493 958 3558 ista
978 3513 1031 3558 res
1055 3513 1183 3578 magna,
