2478 3936
293 191 359 244 ΠΒ.
379 191 413 246 IL
433 191 511 248 cnr.
530 198 643 248 sa-co.
662 197 678 258 c
698 197 845 248 ise-ico.
1010 193 1073 256 105

79 333 229 419 Epicurus
252 357 349 420 quam
372 335 625 420 praedictionem
647 357 755 400 rerum
777 335 970 419 futurarum,
993 335 1074 400 mlhl

79 423 196 489 ridetur
230 425 281 489 vel
312 445 462 490 maxume
492 424 682 489 confirmare
709 424 843 489 deorum
870 424 1075 509 providentia

78 512 193 577 consuli
221 513 316 578 rebus
339 512 499 578 humanis.
542 511 605 578 nse
629 513 714 578 enim
736 512 883 598 profecto
908 512 1075 596 divinatio,

78 622 149 685 quae
171 601 286 666 multis
306 601 396 685 locis,
419 602 524 685 rebus,
546 601 747 686 temporibus
767 605 903 686 apparet
921 623 994 666 cum
1014 601 1074 682 [in]

57 689 206 774 sprivatis
230 693 300 754 tum
323 711 472 754 maxume
494 689 642 775 publicis.
682 689 788 754 Multa
810 693 945 755 cernunt
967 690 1128 754 ham-163

76 778 185 862 spicea,
209 777 316 842 multa
339 798 478 863 augures
501 777 681 862 provident,
704 779 810 844 multa
832 779 949 844 oraclis
974 768 1076 842 decla·

75 870 195 950 rantur,
224 865 329 931 multa
350 865 650 950 vaticinationibus,
672 866 778 930 multa
801 866 948 950 somniis,
971 866 1076 930 multa

74 954 243 1038 portentis,
272 953 388 1039 quibus
411 953 552 1040 cognitis
575 955 698 1020 multae
721 975 818 1039 saepe
840 975 892 1019 res
915 974 953 1019 cc
974 947 1076 1018 homi-

74 1063 142 1108 num
174 1043 341 1108 sententia
373 1045 471 1126 atque
502 1042 645 1108 utilitate
677 1046 806 1127 partae,
841 1042 946 1107 multa
978 1041 1077 1106 etiam

45 1131 211 1214 opericulo
240 1130 376 1215 depulsa
403 1134 487 1196 sunt.
531 1130 744 1216 Haecigitur
767 1130 907 1196 siveris
931 1130 999 1195 sive
1023 1151 1076 1194 ars

75 1219 134 1284 sive
151 1223 276 1285 natura
293 1219 334 1286 ad
353 1219 521 1285 scientiam
538 1241 648 1284 rerum
664 1219 848 1284 futurarum
866 1217 991 1284 homini
1005 1239 1076 1304 pro-

73 1305 148 1374 fecto
181 1310 322 1374 estnec
350 1307 406 1374 alii
433 1302 583 1392 cuiquam
611 1331 630 1374 a
658 1307 707 1372 dis
735 1308 964 1374 inmortalibus
993 1307 1077 1370 data.

74 1392 153 1470 Quae
176 1396 208 1462 si
233 1396 363 1481 singula
385 1417 444 1462 vos
466 1395 552 1462 forte
574 1416 642 1461 non
659 1400 799 1480 movent,
821 1397 973 1462 universa
991 1398 1077 1460 certe

74 1486 176 1550 tamen
208 1483 297 1550 inter
328 1505 363 1549 sc
395 1503 515 1550 conexa
547 1487 644 1567 atque
672 1485 843 1549 coniuncta
869 1504 999 1548 movere
1026 1482 1078 1546 de·

46 1571 200 1638 stabunt.

131 1660 203 1728 Nec
236 1681 314 1726 varo
345 1661 495 1726 universo
524 1659 635 1746 generi
661 1660 830 1724 hominum
858 1660 977 1740 solum,
1010 1657 1065 1722 sed
1081 1672 1131 1722 164

74 1749 165 1813 etiam
190 1749 331 1834 singulis
355 1771 375 1814 a
398 1749 445 1814 dis
469 1746 699 1813 inmortalibus
723 1747 848 1811 consuli
861 1750 899 1811 ct
916 1745 1080 1830 provideri

75 1838 160 1903 solet.
214 1837 306 1902 Licet
338 1837 423 1902 enim
455 1835 646 1902 contrahere
677 1834 924 1900 universitatem
951 1833 1079 1918 generis

74 1924 204 1990 humani
229 1947 364 2008 eamque
387 1925 550 2012 gradatim
573 1925 614 1989 ad
635 1923 816 2010 pauciores,
838 1925 1005 2008 postremo
1029 1922 1080 1986 de

49 2012 185 2079 educere
212 2013 254 2078 ad
277 2013 433 2098 singulos.
473 2011 559 2078 Nam
583 2012 612 2078 si
634 2011 783 2078 omnibus
806 2011 1001 2096 hominibus,
1025 2010 1080 2093 qui
1089 2015 1131 2079 66

75 2101 190 2186 ubique
219 2105 294 2166 sunt
317 2101 518 2186 quacumque
539 2101 574 2165 in
597 2122 654 2165 ora
677 2122 714 2166 ac
736 2104 830 2184 parte
851 2104 1014 2165 terrarum
1038 2098 1079 2164 ab

74 2187 203 2257 huiusce
226 2193 342 2274 terrae,
365 2211 463 2273 quam
484 2209 545 2253 nos
568 2188 748 2272 incolimus,
771 2189 1013 2254 continuatione
1036 2185 1080 2251 di-

76 2279 240 2362 stantium,
259 2277 335 2343 deos
353 2277 521 2343 consulere
540 2298 706 2342 censemus
725 2277 767 2341 ob
787 2299 841 2342 eas
857 2297 980 2359 causas,
1000 2297 1079 2359 quas

76 2370 144 2432 ante
172 2366 327 2450 diximus,
360 2365 412 2430 his
441 2386 567 2450 quoque
594 2365 780 2430 hominibus
808 2365 994 2447 consulunt,
1025 2363 1081 2445 qui

47 2451 128 2519 clas
150 2455 325 2520 nobiscum
348 2457 452 2519 terras
476 2453 517 2518 ab
541 2453 664 2518 oriente
683 2452 725 2518 ad
743 2452 940 2519 occidentem
959 2450 1079 2516 colunt.

76 2537 127 2607 Sin
144 2547 258 2608 autem
275 2542 324 2608 lert
342 2542 525 2626 consulunt,
547 2541 603 2625 qui
622 2541 715 2624 quasi
733 2560 886 2625 magnam
905 2537 1068 2623 quandam
1082 2550 1132 2602 165

74 2628 212 2696 insulam
241 2630 403 2715 incolunt,
433 2651 530 2714 quam
558 2650 619 2694 nos
650 2629 762 2694 orbem
789 2631 895 2692 terrae
918 2648 1080 2710 vocamus,

76 2719 168 2784 etiam
195 2719 264 2784 illis
294 2720 480 2802 consulunt,
508 2717 564 2802 qui
586 2721 697 2803 partes
720 2716 788 2781 eius
811 2715 936 2780 insulae
959 2717 1080 2799 tenent,

75 2802 251 2893 Europam,
283 2807 412 2892 Asiam,
443 2805 598 2872 Africam.
646 2805 737 2890 Ergo
770 2807 802 2868 et
832 2825 943 2869 earum
970 2806 1080 2888 partes

47 2892 229 2982 ”diligunt
253 2898 290 2959 ut
312 2895 464 2980 Romam,
486 2893 648 2978 Athenas,
672 2891 837 2977 Spartam,
861 2890 1025 2975 Rhodum,
1049 2895 1081 2956 et

77 3002 183 3049 earum
215 2983 347 3048 urbium
374 2984 550 3069 separatim
578 2983 619 3047 ab
648 2981 807 3046 universis
837 2980 982 3067 singulos
1012 2980 1081 3044 dili·

77 3077 167 3157 gunt,
197 3075 236 3136 ut
262 3070 381 3155 Pyrrhi
407 3072 494 3136 bello
519 3068 665 3154 Curium,
694 3067 894 3154 Fabricium,
922 3067 1082 3133 Corunca-

77 3155 1082 3332 lltcffll,tullttlltlfflltltr>Atilii

49 3340 149 3418 apost
172 3337 234 3401 hos
257 3335 409 3419 Paulum,
432 3335 623 3418 Gracchum,
646 3331 802 3398 Catonem
825 3333 996 3415 patrumve
1019 3349 1082 3391 me-

79 3425 177 3489 moria
211 3423 408 3509 Scipionem,
438 3423 600 3505 Laelium3
635 3421 819 3503 multosque
850 3418 1018 3503 praeterea
1050 3419 1083 3479 et

79 3517 189 3578 nostra
215 3512 330 3578 civitas
354 3516 387 3576 et
410 3510 546 3576 Graecia
568 3509 647 3574 tulit
670 3507 852 3592 singulares
874 3502 975 3586 viros,
1006 3524 1083 3584 quo·
