2490 3950
315 191 382 248 LlB.
401 191 422 247 Ῑ.
443 190 518 247 ΟΑΡ.
539 199 650 248 11-13.
670 199 685 259 ὅ
704 197 817 248 ‘re-³4.
1028 195 1072 260 15

68 334 197 400 deorum
214 336 351 401 notione
374 335 683 421 comprehendimus.
718 336 808 402 Idem
830 341 864 403 et
884 339 920 403 in
936 337 1070 405 'limaeo

68 423 142 487 dicit
169 425 262 489 etin
284 423 425 508 Legibus
449 425 657 490 otmundum
680 425 773 491 deum
797 446 866 490 esse
889 430 923 490 et
944 428 1070 493 oeelum

66 517 97 574 et
121 516 214 576 astra
242 516 276 576 et
301 516 423 576 terram
450 516 484 576 et
505 513 631 579 animos
655 517 688 578 et
710 535 779 597 eos,
806 535 887 598 quos
910 515 1069 580 maiorum

65 599 228 664 institutis
256 601 454 685 accepimns3
482 621 563 684 quae
591 605 626 665 et
650 622 709 686 per
734 623 768 666 se
796 605 873 667 sunt
892 603 978 668 falsa
999 624 1070 688 per·

42 689 173 771 sspicue
206 692 241 752 et
271 688 358 752 inter
388 709 424 752 se
453 689 659 754 vehementer
689 691 912 776 repugnantia.
962 692 1070 776 Atque
1088 707 1121 756 ³1

64 777 162 840 etiarn
186 775 370 859 Xenophon
396 776 602 860 paucioribus
630 777 737 843 verbis
765 779 876 843 eedem
902 779 970 844 fere
996 801 1070 863 pec·

64 869 126 947 ent3
153 864 239 929 facit
266 865 353 929 enim
379 865 492 950 iniis,
519 887 601 949 quae
625 888 644 929 a
668 864 801 931 Socrate
824 867 910 931 dicta
931 867 1070 951 rettulit,

64 950 232 1017 Socratem
262 952 482 1038 disputantem
508 953 649 1018 formem
676 954 727 1018 dei
755 955 867 1038 quaeri
887 975 956 1020 ιιοιι
977 976 1070 1039 opor·

64 1045 139 1124 tere,
163 1040 421 1125 eundemqueet
406 1041 544 1106 tsolem
568 1046 601 1106 et
623 1042 766 1106 animum
787 1042 883 1107 deum
901 1042 1014 1126 dicere,
1037 1045 1071 1107 et

32 1147 52 1184 ιι
65 1092 160 1194 modo
180 1151 291 1211 unum,
312 1133 383 1193 tum
401 1132 511 1194 cutem
528 1129 637 1215 plures
656 1131 746 1195 deos·
739 1151 852 1214 ,quae
873 1134 950 1195 sunt
968 1093 1071 1196 isdem

64 1217 94 1281 in
122 1217 245 1282 erretis
266 1179 348 1299 fbre,
376 1217 494 1300 quibus
517 1239 568 1300 ee,
597 1239 679 1302 quae
702 1218 741 1282 de
762 1217 898 1283 Platone
922 1218 1069 1284 diximus.

64 1305 174 1390 Atque
202 1305 304 1370 etiam
329 1305 582 1370 Antisthenes
571 1327 607 1370 ιιι
639 1327 677 1370 eo
703 1306 802 1390 libro,
834 1306 889 1390 qui
916 1281 1122 1406 physrcus13

65 1393 268 1477 inscribitur,
299 1393 466 1494 popularis
493 1394 570 1459 deos
597 1395 732 1478 multos,
758 1396 943 1460 naturalem
970 1416 1070 1462 unum

65 1503 132 1546 esse
157 1482 269 1546 dicens
292 1481 429 1546 tollit
398 1503 465 1546 vrm
483 1486 516 1546 et
533 1485 684 1548 naturam
702 1481 843 1548 deorum
879 1481 948 1548 Nec
965 1484 1069 1548 multo

36 1584 157 1634 baccus
183 1568 382 1654 Speusippus
404 1567 576 1635 Plutonem
599 1570 793 1636 avunculum
815 1571 1013 1655 subsequens
1037 1575 1070 1635 et

66 1657 475 1829 fflttrltl}
483 1662 1070 1830 allestltsstgrtutmtt

67 1855 145 1899 rum.
170 1833 430 1918 Aristotelesque
443 1834 586 1899 intortio
600 1834 639 1899 de
652 1834 862 1920 philosophia
872 1833 956 1898 libro
966 1834 1070 1899 multa
1088 1849 1122 1916 33

66 1924 181 1988 turbet
203 1943 224 1986 ι
246 1922 404 2024 magistro
427 1943 485 1987 suo
507 1920 643 1987 Platone
664 1943 728 1987 non
746 1922 952 2005 dissentiens3
974 1921 1080 1987 modo

38 2012 152 2075 neuim
171 2009 275 2074 menti
292 2010 408 2074 tribuit
426 2031 553 2075 omnem
567 2010 779 2094 divinitatem,
801 2010 897 2076 modo
916 2011 1071 2076 mundum

68 2099 176 2182 ipsum
205 2096 300 2162 deum
327 2097 405 2162 dicit
431 2118 513 2182 esse,
546 2099 641 2162 modo
669 2097 769 2163 alium
796 2098 955 2182 quendam
980 2119 1072 2183 pree·

69 2187 133 2252 licit
160 2184 282 2251 mundo
309 2186 401 2270 eique
428 2207 483 2250 eos
510 2186 614 2270 pertis
641 2185 771 2269 tribuit,
801 2190 839 2252 ut
860 2187 1071 2270 replicatione

70 2275 207 2358 quedam
229 2273 341 2339 mundi
363 2277 487 2338 motum
508 2278 603 2359 regat
625 2278 721 2358 atque
739 2277 877 2358 tueatur,
899 2278 970 2340 tum
989 2272 1071 2339 caeli
1184 2309 1188 2319 ι

71 2363 218 2428 ardorem
235 2362 330 2426 deum
348 2361 426 2426 dicit
443 2383 513 2427 esse
531 2383 598 2426 non
614 2361 805 2446 intellegens
821 2362 946 2427 caelum
961 2361 1071 2426 mundi

40 2467 138 2516 besse
170 2453 313 2535 partem,
345 2469 439 2534 quem
470 2449 537 2515 elio
568 2450 640 2514 loco
666 2449 736 2535 ipse
763 2449 941 2534 designarit
968 2449 1070 2513 deuna

72 2535 139 2613 Quo
166 2538 263 2603 modo
290 2540 400 2603 eutem
426 2538 508 2602 caeli
534 2537 661 2602 divinus
687 2538 745 2601 ille
772 2557 884 2601 sensus
905 2536 941 2600 in
963 2535 1072 2601 celeri·

72 2631 137 2690 tete
163 2630 260 2691 tante
286 2625 470 2691 conservari
497 2626 628 2710 potest?
659 2625 717 2688 ubi
743 2623 856 2688 deinde
883 2623 934 2687 illi
956 2626 1008 2687 tot
1030 2623 1072 2708 di,

74 2714 99 2777 si
121 2735 331 2779 numeramus
359 2713 458 2778 etiam
484 2713 610 2778 eaelum
632 2711 749 2778 deum?
775 2733 848 2776 cum
871 2714 978 2776 autem
1002 2711 1072 2776 sine

74 2822 209 2903 corpore·
228 2801 316 2866 idem
341 2801 414 2867 vult
435 2821 506 2866 esse
528 2801 636 2884 deum,
663 2799 752 2865 omni
773 2799 868 2864 illum
891 2819 987 2865 sensu
1008 2799 1072 2884 pri·

44 2893 137 2974 evat,
165 2890 267 2955 etiem
292 2888 472 2975 prudentie
517 2886 587 2964 Quo
609 2908 707 2973 porro
730 2887 826 2953 modo
849 2888 926 2954 deus
949 2888 1073 2954 moveri

75 2999 180 3043 cerens
203 2999 338 3063 corpore
361 2981 417 3042 aut
440 2998 504 3062 quo
525 2976 622 3041 modo
646 2997 773 3062 semper
795 2997 829 3041 se
849 2997 983 3043 movens
1002 2996 1072 3041 esse

76 3067 197 3150 quietus
216 3070 250 3130 et
267 3067 382 3131 boetus
399 3065 531 3150 potest?
566 3062 635 3129 Nee
652 3085 729 3130 vero
747 3064 816 3130 eius
834 3064 1071 3149 condiscipulus
1090 3074 1124 3126 34

76 3152 299 3220 Xenocrates
289 3175 325 3218 ιιι
347 3153 409 3219 hoc
430 3173 548 3238 genere
571 3151 773 3238 prudentior,
800 3153 889 3218 cuius
911 3153 947 3216 in
969 3151 1072 3234 libris,

77 3243 127 3324 qui
151 3246 229 3308 sunt
255 3241 295 3306 de
320 3246 439 3306 natura
460 3239 606 3324 deorum,
631 3242 724 3306 nulla
746 3241 867 3326 species
890 3238 999 3304 divine
1021 3237 1072 3301 de·

48 3330 236 3414 ⁸leeribitur3
258 3329 335 3395 deos
358 3329 444 3394 enim
467 3333 540 3394 octo
563 3350 634 3394 esse
657 3329 743 3414 dicit,
766 3329 906 3413 quinque
929 3345 994 3408 eos,
1016 3325 1073 3407 qui

79 3416 109 3482 in
132 3418 238 3484 stellis
264 3418 358 3504 vagis
385 3417 607 3502 nominantur,
637 3438 751 3499 unum,
778 3415 833 3498 qui
860 3435 900 3477 ex
921 3411 1072 3476 omnibus

81 3504 244 3591 sideribus,
273 3527 354 3590 quee
380 3506 480 3570 infixe
507 3505 596 3572 caelo
624 3508 713 3586 sunt,
742 3523 781 3566 ex
803 3499 957 3582 dispersis
980 3497 1073 3581 quasi
