2510 3936
186 173 254 240 450
578 170 808 228 annuamus

188 322 255 397 um,
277 337 341 384 aaa
361 321 407 386 est
426 323 545 382 mnam
567 337 666 394 mcrs;
688 316 792 398 aufert
808 318 891 382 enim
908 336 1031 383 seruam
1049 320 1156 396 ’καὶὴ
1178 321 1218 386 si·

186 411 289 473 autem
310 410 475 490 amarant
494 405 628 484 camme,
650 409 694 472 cet
713 405 808 470 acam
830 405 950 485 bonam
971 406 1049 487 qaia
1071 410 1201 473 immor-

187 495 293 561 talitas
315 492 470 576 seqaittm'
513 492 615 573 &aaa
636 494 817 559 ambatiam
835 492 939 561 Giccro
961 495 998 560 de
1015 495 1139 578 lapibus
1161 498 1201 562 sic

187 583 364 667 amplicavit:
397 579 670 666 Gratulemurqne
696 581 805 666 nobis,
838 583 992 666 quoniam
1019 604 1114 648 mors
1146 589 1202 649 aut

187 671 368 753 meliorem,
391 691 489 754 quam
518 669 573 754 qui
597 673 647 734 est
668 670 703 736 in
724 670 807 754 vita,
830 674 888 737 aut
910 675 997 736 certe
1018 693 1088 736 non
1114 672 1219 738 delas

185 760 305 826 riorem
328 759 478 824 adlatura
500 761 551 823 est
574 761 711 842 statum3
733 779 811 824 nam
833 758 903 824 sine
925 780 1061 844 corpore
1086 761 1201 825 animo

56 897 58 902 .
186 848 316 934 vigente
344 847 453 914 divina
480 846 550 912 vita
577 851 641 932 est,
669 867 764 912 sensu
787 851 918 913 carente
940 846 1023 912 nihil
1046 847 1201 932 profecto

188 940 238 1001 est
261 935 348 1002 mali.

253 1025 285 1091 2.
319 1023 460 1092 manat.
492 1023 563 1090 ast.
591 1025 650 1090 dia
679 1023 711 1089 V
733 1029 764 1091 8.
792 1029 834 1089 10
865 1023 958 1090 Nunc
987 1029 1092 1089 autem
1121 1027 1202 1090 mali

187 1117 261 1179 sant
281 1113 474 1195 caracae
493 1113 568 1179 raeti
589 1133 627 1178 ac
648 1112 726 1178 boni.
773 1113 861 1192 Quod
880 1113 1003 1194 quadan
1024 1111 1133 1178 Cicero
1156 1116 1199 1178 oi·

187 1203 249 1277 aiu
276 1202 439 1284 disputans
460 1202 543 1266 caim
564 1202 602 1265 de
624 1201 752 1284 lembus:
784 1198 874 1266 Siout
896 1221 975 1282 una,
1002 1202 1120 1282 inquit,
1151 1223 1199 1267 ca·

189 1288 324 1373 demque
360 1291 478 1353 natura
508 1288 647 1353 mundus
680 1288 828 1354 omnibus
860 1286 1009 1372 partibus
1041 1289 1133 1354 inter
1167 1312 1198 1354 sc

188 1376 441 1462 congruentibus
464 1375 615 1442 cohaeret
638 1399 676 1442 ac
698 1375 822 1459 nititur,
845 1376 891 1440 sic
913 1395 1025 1440 omnes
1045 1375 1198 1442 homines

187 1464 274 1528 inter
303 1485 338 1528 se
364 1467 482 1529 natura
509 1463 635 1530 confusi
661 1465 824 1550 pravitate
852 1463 1048 1529 dissentiunt
1074 1486 1138 1532 nec
1166 1488 1197 1530 sc

188 1552 384 1638 intellegunt
407 1572 477 1618 essa
500 1553 757 1640 consanguineos
780 1557 814 1617 et
837 1552 997 1618 subiectos
1017 1553 1078 1618 sub
1098 1569 1225 1620 nnam1⁵

189 1641 386 1725 eandemque
413 1641 565 1724 tutelam3
593 1642 679 1725 quod
706 1641 735 1705 si
762 1644 941 1724 teneretur,
968 1640 1101 1706 deorum
1123 1665 1196 1727 pro

188 1728 274 1795 fecto
297 1729 399 1794 vitam
422 1729 569 1796 hominos
593 1729 748 1794 viverent.

255 1818 285 1884 3.
308 1817 445 1884 Maerob.
468 1819 505 1883 dc
521 1817 621 1898 differ.
640 1823 670 1884 ct
684 1818 781 1884 societ
800 1815 915 1883 Gracci
930 1816 1097 1900 Manae
1113 1820 1198 1885 verbi

189 1909 238 1970 17.
262 1911 283 1972 6
304 1911 334 1971 ct
354 1910 433 1972 aar.
455 1907 514 1972 iac.
536 1907 574 1972 de
594 1906 682 1972 verbo
710 1905 774 1972 Vc
796 1905 840 1984 cd.
862 1904 1077 1990 Jaa.,p.160
1095 1906 1196 1972 Endl.

189 1992 302 2060 Graan
331 1995 367 2058 ia
395 1995 584 2060 moloculino
612 1995 701 2061 acuo
729 1998 864 2075 tempora
891 1993 964 2059 bina
988 1994 1193 2075 mancum
1208 2009 1232 2050 ευ

182 2083 349 2164 propritim
370 2082 558 2148 Latinorum
589 2087 645 2161 est,
676 2086 713 2148 at
736 2082 825 2146 nwdo
851 2082 1020 2147 indicatiw
1040 2099 1098 2163 pro
1119 2099 1193 2146 ooa-

187 2170 340 2247 damalius,
358 2171 446 2234 modo
463 2171 657 2236 matanativa
668 2190 729 2252 pro
746 2170 923 2236 dardanidis
936 2174 1063 2252 ponant.
1089 2165 1194 2236 (licere

189 2257 225 2322 de
247 2257 360 2340 lapidata
382 2258 487 2324 arto:
515 2257 578 2333 oui
600 2258 723 2343 poterit
746 2257 851 2323 socios
873 2258 968 2341 tucri,
983 2257 1020 2331 ¹si
1042 2257 1193 2322 dilectum

189 2366 297 2411 rerum
319 2345 451 2411 utilium
474 2349 507 2411 et
529 2346 695 2412 inutilium
716 2368 782 2412 non
804 2345 961 2411 habebit?

255 2435 286 2500 4.
308 2435 445 2502 Macco.
467 2433 595 2502 Sabura.
623 2434 675 2501 VI
692 2439 723 2500 4.
745 2440 768 2502 8
789 2434 892 2500 Oiccro
913 2435 948 2498 in
969 2435 1076 2516 quinto
1098 2435 1135 2501 de
1156 2435 1192 2500 lc
1205 2451 1229 2491 2⁵

188 2521 294 2605 cibas:
317 2522 419 2589 Visne
441 2521 556 2608 igitur,
579 2523 733 2606 quoniam
755 2522 805 2588 sol
828 2521 995 2608 paululum
1019 2543 1039 2586 a
1062 2522 1193 2588 meridie

188 2611 256 2676 iam
283 2611 422 2676 devexus
449 2610 578 2676 videtur
604 2611 784 2695 nequedum
812 2610 894 2676 satis
917 2608 957 2674 ab
979 2608 1032 2674 his
1054 2611 1193 2676 novellis

190 2699 361 2766 arboribus
389 2699 494 2764 omnis
516 2699 570 2765 hic
591 2699 682 2765 locus
705 2701 875 2785 opacatur,
902 2696 1131 2763 descendamus
1155 2699 1193 2764 ad

189 2785 291 2852 Lirim
310 2808 420 2871 eaque,
439 2809 521 2873 quae
538 2789 673 2873 restant,
691 2786 726 2852 in
742 2786 810 2852 illis
830 2787 979 2853 alnorum
996 2786 1192 2879 umbraculis

190 2876 444 2959 persequamur?
