2478 3936
192 159 256 215 LIB.
275 160 296 214 L
317 158 393 215 GAP.
411 167 455 216 44.
473 166 489 228 ᾗ
508 161 795 218 122-124.L1B.II.
814 163 952 220 ARGUM.
1027 167 1073 232 45

315 448 361 523 ιι
391 446 551 520 runnu
578 447 824 524 crosuoms

183 622 277 720 DE
308 621 618 722 NATURA
649 623 957 726 DEORUM

434 809 485 864 AD
498 809 535 863 M.
550 809 704 866 BRUTUM

364 957 504 1018 LIBER
527 958 775 1022 SECUNDUS.

424 1239 716 1302 ARGUMENTUM.

136 1372 190 1427 Hic
202 1372 276 1428 liber
289 1371 371 1426 brevi
379 1372 532 1443 praemisso
543 1372 687 1443 prooemio
698 1371 823 1428 continet
831 1373 914 1429 Bulbi
923 1375 958 1430 de
972 1377 1072 1432 notura

70 1445 181 1498 deorum
194 1443 416 1514 disputationem
429 1459 463 1497 ex
475 1446 568 1498 mente
583 1442 748 1514 Stoicorum,
768 1443 817 1512 qui
830 1446 922 1500 totum
935 1445 1028 1501 locum
1041 1447 1072 1502 in

69 1516 161 1584 partes
179 1515 312 1582 quattuor
329 1511 500 1568 dividebant.
533 1513 657 1568 Primum
675 1513 750 1568 enim
768 1513 907 1569 docebant
920 1533 980 1572 esse
994 1518 1071 1587 deos,

69 1585 167 1639 deinde
189 1585 286 1654 quoles
310 1584 416 1650 essent,
438 1586 499 1638 tum
520 1583 655 1638 mundum
677 1585 713 1638 eb
736 1584 776 1638 eis
795 1584 995 1653 administrari,
1018 1604 1068 1656 po-

69 1657 170 1710 stremo
188 1655 333 1709 consulere
352 1670 400 1708 eos
417 1655 499 1708 rebus
516 1654 654 1710 humenis.
686 1653 738 1708 His
755 1653 843 1722 igitur
856 1657 989 1724 quattuor
1001 1659 1071 1711 tum-

69 1743 151 1794 qnam
177 1725 317 1794 capitibus
344 1726 407 1780 totu
431 1724 514 1780 Balbi
536 1724 691 1796 disputatio
714 1723 880 1779 continetur.
921 1725 959 1779 Et
981 1727 1073 1796 prims

70 1797 181 1864 quidem
202 1812 269 1866 pers
291 1811 458 1864 quamquam
479 1813 515 1850 nc
538 1812 621 1865 cgere
639 1793 752 1864 quidem
771 1794 896 1849 oratione
914 1795 1005 1850 videri
1022 1814 1072 1869 po-

69 1869 154 1934 terat,
171 1868 267 1920 tamen
284 1866 329 1919 his
348 1865 518 1935 argumentis
538 1867 722 1921 confirmatur.
758 1865 832 1919 Nam
848 1864 977 1935 primum,
996 1868 1072 1936 quod

70 1938 192 1992 omnium
210 1935 386 1991 consentiens
405 1936 443 1991 sit
461 1937 496 1990 de
515 1936 557 1990 dis
576 1936 681 2007 opinio,
700 1937 801 1990 natura
817 1937 932 1991 evidens
950 1954 1009 1993 esse
1023 1955 1071 1993 ne·

70 2025 144 2063 cesse
167 2007 366 2132 semime
389 2007 465 2130 deogi
478 2007 555 2131 itpgos
577 2007 737 2132 ριῗὲεειῇι
754 2023 812 2131 suane
823 2009 852 2061 et
869 2008 992 2090 sdventu
1010 2027 1072 2064 enm

600 2096 612 2130 1
641 2094 670 2130 m

69 2094 222 2203 ἲιιῗιιιιτιιοιῖιιιι
240 2093 674 2214 οιεοεῖθοξῖἰῗιιιιῧιιιῗῗιιιιιιὶιιιιι
691 2095 764 2202 verri)
775 2095 1071 2206 mffidoffimssmtss

9 2231 10 2258 ι
70 2219 123 2274 tius
154 2219 253 2272 mundi
282 2218 460 2285 varietatem,
492 2217 742 2289 pulchritudinem,
775 2219 900 2273 ordinem
925 2237 1072 2289 rerumque

72 2290 192 2344 omnium
210 2290 246 2343 ud
263 2289 415 2343 utilitatem
434 2287 676 2359 conspirationem.
709 2287 781 2352 Quin
800 2306 834 2344 ex
851 2289 914 2360 ipse
926 2291 1072 2344 hominum

72 2360 194 2415 sollertis
211 2359 310 2440 colligi
326 2375 409 2429 posse
428 2375 489 2414 esse
506 2359 629 2428 aliquem
646 2360 768 2414 mentem
786 2359 917 2414 divinam.
953 2360 1027 2413 Num
1045 2360 1071 2414 si

72 2433 172 2498 cetera,
191 2446 262 2499 quse
280 2448 311 2483 m
328 2429 531 2499 corporesint,
549 2429 663 2484 nliunds
681 2430 837 2495 sumentur,
856 2429 933 2483 eliud
952 2432 1068 2498 eterra,

73 2501 145 2555 uliud
163 2501 199 2555 ab
217 2517 321 2567 umore,
339 2499 416 2553 aliud
434 2500 469 2553 ab
487 2504 564 2567 edre,
581 2499 659 2554 eliud
677 2500 713 2554 ab
731 2498 804 2568 igni,
827 2497 965 2553 rationem
984 2499 1070 2553 etiam

72 2571 179 2626 aliunde
196 2571 299 2625 habere
316 2586 368 2624 nos
386 2585 498 2625 necesse
517 2586 585 2637 esse,
605 2573 642 2640 et,
660 2587 724 2624 cum
738 2571 830 2623 cetere
845 2570 938 2622 omniu
950 2569 1070 2623 mundus

72 2642 182 2710 hebeat,
201 2641 276 2710 quod
294 2640 333 2694 sit
349 2640 472 2694 omnium
491 2640 641 2711 optimum,
659 2639 690 2694 id
707 2640 800 2710 ipsum
818 2655 866 2693 cur
883 2656 941 2693 non
957 2639 1069 2707 habeat,

72 2713 174 2768 nullum
192 2729 253 2767 esse
269 2710 415 2765 rationem.
448 2711 549 2765 Omnes
567 2727 650 2780 porro
664 2710 816 2765 concedere
829 2709 902 2763 nihil
915 2726 972 2764 non
985 2711 1069 2765 modo

74 2799 129 2838 esse
145 2782 250 2837 mundo
266 2781 375 2848 melius,
395 2781 445 2835 sed
461 2798 497 2836 ns
515 2780 636 2851 cogitari
654 2779 766 2850 quidem
778 2796 874 2850 possm
893 2797 987 2850 qnare,
1007 2798 1070 2836 cum

73 2854 175 2908 ratione
197 2851 269 2906 nihil
292 2852 330 2907 sit
351 2851 463 2918 melius,
477 2866 538 2904 eum
549 2865 659 2920 quoque
677 2850 707 2904 in
724 2850 828 2904 mundo
846 2850 938 2906 inesse
955 2868 1071 2908 necesse

72 2921 202 3048 {ituit
220 2920 1071 3063 detumuerintinerticuzutidfflct3‘

73 3065 119 3118 His
143 3063 299 3120 rationibus
327 3061 502 3118 subiciuntur
525 3061 776 3117 demonstrationes
799 3011 952 3134 physicae?
977 3063 1072 3116 Primo,

73 3134 149 3189 huius
165 3134 244 3189 modi
262 3135 318 3189 est:
337 3131 445 3200 Omnis,
464 3149 534 3202 quus
553 3134 669 3198 uanus
680 3135 711 3187 et
728 3136 864 3201 crescent,
883 3149 917 3187 es
935 3135 1071 3202 temporu-

73 3205 145 3261 tione
167 3203 269 3260 caloris
291 3203 357 3259 oriri
382 3205 411 3259 et
424 3202 542 3273 'sugeri
570 3219 720 3272 omnesque
742 3206 835 3274 partes
858 3201 956 3257 mundi
979 3201 1071 3256 calore

74 3275 152 3330 fultas
177 3274 322 3343 sustineri,
349 3274 444 3343 itaque
468 3273 553 3329 etium
574 3273 709 3327 mundum
731 3274 817 3329 simili
838 3271 954 3342 parique
972 3273 1073 3325 nutura

75 3345 178 3401 servari.
215 3346 286 3400 Esse
303 3344 391 3416 igitur
407 3345 544 3410 naturum,
564 3360 634 3412 quus
653 3358 763 3398 omnem
780 3342 915 3396 mnndum
928 3340 1072 3395 continent

75 3433 185 3486 eumque
203 3417 329 3483 tueatur,
347 3431 419 3485 qnae
438 3414 569 3484 quonium
586 3413 685 3468 mundi
702 3413 891 3534 princifutum
909 3407 952 3481 (τὸ
971 3406 1072 3492 ἡγρμο·

74 3485 166 3557 stris),
185 3488 218 3542 ut
235 3486 266 3541 in
282 3486 396 3542 homine
413 3502 500 3555 mens,
520 3483 646 3540 obtineat
663 3485 694 3538 st
706 3483 745 3537 sit
758 3499 792 3537 ve
819 3482 926 3550 optima
939 3495 1070 3549 omnium,
