2476 3936
312 244 378 301 LIB.
397 246 418 302 1.
439 243 514 302 OAP.
534 251 647 304 25⁴2&
666 253 682 313 ξ
700 253 814 305 ‹eu-44.
998 251 1065 316 291

67 405 135 455 cum
160 409 258 475 penes
285 411 384 456 unum
412 395 463 456 est
491 391 634 456 omnium
658 413 785 458 summa
807 413 927 479 rerum,
955 417 1066 482 regem

66 479 154 543 illum
174 479 184 562 l
198 499 299 544 unum
321 495 478 550 vocamus·
493 483 526 544 et
544 497 681 565 regnum
700 481 768 546 eius
786 483 833 547 rei
852 483 956 569 publi·
976 487 1015 566 [p.
1031 501 1065 551 95

65 589 121 631 eae
140 570 271 632 statum.
312 565 393 633 Cum
417 571 525 632 autem
548 573 598 632 est
620 590 718 653 penes
742 570 893 655 delectos,
915 576 985 638 tum
1007 573 1067 639 illa

66 655 175 720 ciritae
203 655 411 740 optimatium
439 655 576 720 arbitrio
603 658 674 742 regi
702 657 827 724 dieitur.
871 660 935 726 Illa
958 666 1066 727 autem

39 747 114 808 sest
138 743 254 809 civitas
280 744 447 830 popularis
474 741 535 830 (sic
558 745 642 809 enim
666 744 862 834 appellant),
889 749 924 813 in
947 771 1011 833 qua
1031 751 1066 815 in

64 832 181 917 populo
220 836 296 897 sunt
327 832 444 898 omnia.
490 832 598 917 Atque
630 833 747 899 horum
778 836 879 900 trium
911 854 1066 922 generum

65 920 206 1005 quodvis,
229 921 257 985 si
280 925 389 986 teneat
410 919 493 988 illud
515 921 666 1005 vinclum,
692 923 777 1006 quod
799 924 941 1008 primum
963 925 1065 991 homi-

63 1031 117 1074 nes
139 1009 226 1075 inter
249 1031 284 1073 se
306 1009 353 1074 rei
375 1008 525 1094 publicae
547 1009 701 1074 societate
725 1011 880 1096 devinxit,
909 1034 975 1077 non
997 1035 1066 1098 per-

63 1097 181 1163 fectum
212 1097 294 1162 illud
325 1097 453 1182 quidem
479 1119 582 1181 neque
612 1119 684 1163 mea
714 1100 876 1165 sententia
906 1102 1066 1185 optimum

29 1204 51 1244 ιο
63 1191 115 1270 est,
143 1185 200 1251 sed
226 1186 398 1250 tolerabile
422 1185 427 1270 Ι
454 1187 577 1272 tamen,
605 1191 642 1250 ut
670 1186 758 1252 aliud
781 1188 845 1254 alio
868 1209 943 1274 pos·
972 1192 1012 1270 [p.
1031 1207 1065 1256 96

64 1275 105 1340 sit
126 1293 197 1340 esse
216 1274 444 1359 praestantius.
478 1273 564 1339 Nam
587 1275 639 1339 vel
662 1297 718 1340 rex
741 1297 862 1360 aequus
882 1299 919 1343 ac
938 1279 1067 1363 sapiens

63 1364 112 1428 vel
135 1363 252 1429 delecti
276 1385 313 1428 ac
335 1363 497 1448 principes
520 1362 605 1427 cives
625 1363 678 1427 vel
696 1363 767 1448 ipse
785 1367 934 1451 populus,
958 1389 1067 1450 quam·

63 1473 158 1536 quam
186 1451 293 1516 idest
316 1451 447 1516 minime
469 1451 685 1536 probandum,
714 1455 825 1518 tamen
847 1455 946 1519 nullis
969 1456 1066 1520 inter-

62 1540 151 1607 iectis
174 1539 403 1624 iniquitatibus
426 1543 483 1604 aut
501 1539 732 1624 cupiditatibus
751 1562 847 1624 posse
865 1542 992 1607 videtur
1010 1544 1067 1608 ali-

29 1645 50 1685 15
63 1650 124 1713 quo
147 1627 307 1694 essenon
328 1629 451 1692 incerto
475 1631 573 1692 statu.

127 1714 190 1782 Sed
218 1720 251 1780 et
277 1716 312 1780 in
338 1716 447 1803 regnis
470 1716 568 1780 nimis
591 1719 738 1800 expertes
762 1720 839 1782 sunt
861 1717 960 1782 ceteri
983 1687 1119 1813 com-24}

62 1806 167 1870 munis
199 1803 279 1869 iuris
312 1809 345 1869 et
371 1804 510 1889 consilii,
543 1808 575 1868 et
601 1803 637 1867 in
664 1804 872 1888 optimatium
899 1805 1067 1872 dominatu

62 1895 114 1960 vix
137 1893 300 1994 particeps
323 1892 486 1958 libertatis
505 1896 614 1977 potest
633 1911 703 1956 esse
722 1891 727 1975 l
747 1893 931 1978 multitudo,
954 1896 995 1974 [p.
1016 1911 1066 1960 105
1114 1975 1116 1979 ι

62 2005 133 2048 cum
163 2001 252 2048 omni
279 1980 415 2049 oonsilio
442 1980 603 2046 communi
631 1997 668 2046 ac
695 1984 858 2064 potestate
881 1987 1004 2066 careat,
1033 1988 1067 2047 et

29 2087 133 2136 tecum
169 2069 277 2136 omnia
310 2089 368 2155 per
395 2069 550 2154 populum
578 2072 734 2154 geruntur
766 2071 913 2154 quamvis
944 2071 1082 2136 iustum·

62 2165 159 2244 atque
182 2157 393 2241 moderatum,
415 2160 526 2221 tamen
548 2157 621 2241 ipsa
644 2159 859 2240 aequabilitas
878 2163 929 2223 est
946 2160 1067 2244 iniqua,

61 2269 133 2313 cum
157 2247 257 2311 habet
279 2246 386 2310 nullos
411 2245 530 2332 gradus
553 2245 732 2331 dignitatis.
773 2245 889 2330 Itaque
912 2248 940 2312 si
963 2247 1066 2332 Cyrus

60 2338 117 2402 ille
139 2335 254 2400 Perses
276 2333 475 2398 iustissimus
497 2332 561 2398 fuit
584 2333 909 2418 sapientissimusque
932 2356 997 2419 rex,
1020 2341 1067 2401 ta-

61 2447 136 2490 men
158 2423 240 2488 mihi
262 2423 375 2509 populi
397 2443 449 2486 res
473 2419 525 2508 (ea
548 2422 633 2485 enim
657 2426 716 2506 est,
739 2426 776 2486 ut
799 2423 990 2508 stimantes,
1012 2447 1067 2508 pn-

30 2529 50 2569 2⁵
61 2509 163 2599 blica)
186 2533 251 2577 non
275 2511 414 2576 maxime
437 2511 615 2595 expetenda
636 2510 736 2575 fuisse
759 2510 818 2575 illa
836 2511 972 2594 videtur,
995 2530 1067 2576 cum

60 2605 229 2688 regeretur
246 2600 340 2664 unius
358 2604 440 2664 nutu
458 2621 495 2663 ac
516 2599 520 2682 l
540 2598 649 2682 mod03
673 2599 700 2662 si
714 2598 942 2683 Massilienses,
962 2601 1001 2679 [p.
1017 2615 1067 2663 rou

60 2689 166 2755 nostri
189 2689 332 2771 clientes,
353 2709 411 2773 per
434 2687 574 2752 delectos
598 2690 631 2750 et
653 2686 814 2771 principes
838 2687 922 2752 cives
942 2707 1068 2752 summa

61 2778 189 2843 iustitia
211 2781 377 2862 reguntur,
399 2775 485 2840 inest
507 2780 617 2840 tamen
639 2775 673 2838 in
695 2797 733 2839 ea
751 2774 937 2840 condicione
954 2775 1067 2860 populi

62 2865 242 2932 similitudo
266 2864 422 2949 quaedam
446 2864 626 2946 servitutis3
649 2863 677 2927 si
700 2862 916 2928 Athenienses
940 2864 1068 2947 quibus-

29 2956 137 3020 bdam
167 2953 369 3038 temporibus
397 2952 527 3016 sublato
555 2951 728 3036 Areopago
755 2951 838 3015 nihil
865 2951 929 3016 nisi
955 2952 1069 3037 populi

63 3044 153 3110 scitis
181 3063 219 3107 ac
246 3041 382 3107 decretis
410 3041 565 3126 agebant,
593 3040 745 3123 quoniam
773 3039 943 3105 distinctos
966 3040 1069 3125 digni-

62 3133 142 3197 tatis
162 3130 282 3217 gradus
299 3152 365 3195 non
383 3129 557 3212 habebant,
574 3149 640 3193 non
658 3129 791 3193 tenebat
809 3132 959 3194 ornatum
975 3150 1068 3192 suum

63 3221 187 3286 civitas.

127 3307 240 3392 Atque
266 3306 328 3371 hoc
354 3306 470 3388 loquor
498 3305 536 3369 de
561 3304 668 3369 tribus
691 3304 743 3369 his
766 3304 936 3389 generibus
960 3324 1067 3367 rerum
1078 3253 1122 3379 24}

30 3412 51 3453 ³⁵
63 3396 267 3482 publicarum
289 3415 354 3459 non
377 3392 517 3458 turbatis
541 3396 638 3475 atque
661 3391 852 3478 permixtis,
876 3391 932 3456 sed
956 3393 996 3472 [p.
1016 3405 1067 3454 225

64 3507 160 3550 suum
188 3487 311 3549 statum
338 3480 531 3547 tenentibus.
573 3479 660 3555 Quae
689 3501 807 3566 genera
829 3480 969 3565 primum
993 3482 1068 3543 sunt

64 3574 99 3638 in
124 3573 167 3638 iis
195 3570 324 3657 singula
350 3569 453 3654 vitiis,
485 3589 567 3652 quae
594 3571 670 3633 ante
697 3569 775 3652 dixi,
807 3567 919 3632 deinde
946 3567 1069 3632 habent

800 3670 854 3725 19*
