2476 3936
187 185 254 250 300
548 183 598 238 DE
615 184 663 239 RE
681 184 837 240 PUBLIGA

187 331 293 396 nostri
318 352 417 415 penes
446 331 592 416 singulos
620 349 690 393 esse
713 330 899 412 voluemnt,
927 351 1061 413 quorum
1082 329 1177 414 ipsum

187 441 307 484 nomen
335 419 402 484 vim
432 439 509 484 suae
538 417 714 503 potestatis
741 417 869 482 indicat.
914 415 1001 482 Nam
1023 417 1177 483 dictator

189 507 318 591 quidem
346 507 387 571 ab
415 528 453 571 eo
482 506 679 591 appellatur,
712 506 788 590 quia
815 505 971 590 dicitur,
1000 505 1113 570 sedin
1132 527 1177 570 nc

189 596 267 660 stris
300 594 393 659 libris
424 594 514 660 vides
546 615 633 676 eum,
663 591 770 676 Laeli,
802 593 1029 679 magistrum
1058 593 1179 679 populi

190 683 357 768 appellari.
393 683 430 748 L.
449 681 563 767 Video,
583 681 699 765 inquit.
735 680 780 747 Et
800 679 920 766 Scipio:
944 679 1111 768 Sapienter
1129 681 1197 768 igi-⁵

189 778 243 838 tur
261 772 312 836 illi
333 775 468 836 veteres.
484 822 490 836 .
506 821 513 834 .
529 822 536 836 .

94 975 96 978 .
135 1003 178 1066 41
439 910 676 994 [Desideroatur¹
691 913 829 996 popinae
850 913 951 994 duaa]

138 1082 172 1130 64
190 1065 217 1116 p.
238 1039 302 1118 149]
377 1034 544 1100 ...iusto
569 1033 697 1119 quidem
720 1055 797 1121 rege
820 1057 893 1100 cum
916 1040 966 1100 est
988 1037 1124 1121 populus
1141 1057 1178 1100 or·

190 1127 301 1208 batus,
332 1123 505 1209 ‘pectora
533 1122 596 1186 diu
618 1126 730 1187 tenet
753 1122 1011 1208 desiderium',
1043 1125 1122 1190 sicut
1142 1124 1179 1188 ait

190 1213 324 1296 Ennius,
348 1212 452 1296 ‘post
475 1210 613 1296 optimi
635 1210 740 1296 regis
764 1211 941 1296 obitum'3

688 1319 691 1324 '
954 1301 1069 1366 simul
1091 1301 1210 1365 interu

236 1387 324 1454 Sese
349 1386 403 1452 sio
426 1389 650 1452 memorant:
681 1385 716 1452 ‘o
740 1386 914 1473 Romule,
942 1387 1100 1454 Romule
1121 1389 1182 1474 die,

236 1476 394 1553 Qualem
417 1477 455 1539 te
477 1475 630 1560 patriae
653 1476 908 1562 custodem-di
932 1479 1153 1563 genuerunt!

236 1565 263 1631 0
282 1567 405 1650 pater,
429 1585 448 1628 o
468 1563 635 1650 genitor,
658 1584 677 1627 o
697 1585 868 1650 sanguen
887 1565 945 1630 dis
964 1563 1181 1632 oriundumi'

192 1653 267 1720 Non
286 1673 370 1718 eros
389 1674 448 1717 nec
466 1651 641 1716 dominos
660 1651 871 1738 appellabant
889 1674 954 1737 eos,
977 1655 1095 1738 quibus
1111 1655 1182 1719 iuste

191 1744 377 1828 paruerunt,
401 1739 536 1824 denique
558 1761 598 1804 ne
622 1760 733 1825 reges
757 1741 894 1824 quidem,
918 1742 975 1806 sed
996 1743 1121 1828 patriae
1141 1765 1183 1808 cu·
1193 1760 1212 1801 1⁵

117 1837 120 1844 ⁴
192 1830 315 1913 stodes,
347 1827 402 1892 sed
434 1829 557 1913 patres,
590 1826 646 1892 sed
675 1827 765 1912 deos3
795 1849 855 1894 nec
882 1829 953 1894 sine
979 1853 1089 1916 causa3
1118 1829 1184 1916 quid

190 1946 218 1999 p.
239 1919 303 1998 loo]
324 1916 329 2000 Ι
350 1917 435 1981 enim
459 1915 661 2001 adiungunt?

235 2005 289 2069 Tu
311 2003 531 2090 produxisti
554 2025 621 2067 nos
644 2004 749 2068 intra
772 2005 930 2070 luminis
954 2028 1052 2073 oras.

189 2093 312 2176 Vitam,
334 2092 503 2174 honorem,
527 2092 622 2156 decus
646 2092 708 2157 sibi
732 2093 844 2159 datum
867 2115 938 2158 esse
960 2095 1089 2161 iustitia
1108 2096 1184 2183 regis

192 2180 430 2246 existimabant.
466 2179 640 2244 Mansisset
659 2179 772 2246 eadem
790 2182 941 2247 voluntas
959 2183 995 2248 in
1014 2206 1123 2250 eorum
1138 2198 1212 2269 pot⁰

192 2268 296 2352 steria,
310 2268 339 2332 si
353 2289 467 2354 regum
480 2267 658 2333 similitudo
672 2270 914 2354 permansisset,
929 2270 985 2336 sed
999 2272 1089 2338 vides
1103 2274 1185 2338 unius

190 2356 352 2422 iniustitia
384 2356 559 2421 concidisse
592 2377 692 2442 genus
720 2357 804 2422 illud
831 2362 938 2423 totum
965 2360 1013 2424 rei
1040 2361 1185 2447 publicae.

189 2447 227 2512 L.
245 2444 349 2510 Video
373 2464 458 2528 vero,
480 2443 594 2528 inquit,
618 2448 651 2508 et
674 2445 786 2510 studeo
810 2467 921 2511 currus
942 2447 1025 2513 istos
1045 2450 1186 2514 mutatio-

189 2562 217 2615 p.
239 2536 302 2614 147]
325 2555 404 2597 num
424 2531 428 2616 Ι
447 2553 514 2596 non
538 2532 646 2617 magis
672 2533 708 2598 in
733 2537 847 2599 nostra
874 2557 971 2618 quam
993 2536 1030 2600 in
1053 2538 1139 2602 omni
1158 2557 1185 2600 re

191 2621 322 2708 publica
344 2641 486 2686 noscere.
1185 2635 1212 2676 a

256 2709 301 2774 Et
328 2706 449 2794 Scipio:
481 2707 543 2773 nst
572 2709 717 2792 omnino,
749 2731 822 2775 cum
852 2710 890 2776 de
918 2709 977 2778 illo
1006 2733 1124 2798 genero
1148 2711 1185 2777 rei

190 2797 348 2882 publicae,
372 2796 457 2880 quod
475 2795 614 2862 maxime
631 2797 744 2883 probo,
767 2820 849 2882 quae
868 2799 983 2883 sentio,
1006 2801 1126 2887 dixero,
1146 2820 1186 2866 ac·

190 2885 333 2949 curatius
365 2884 446 2948 mihi
478 2885 646 2949 dicendum
678 2885 716 2950 de
749 2887 1058 2954 commutationibus
1090 2909 1185 2955 rerum

189 2971 405 3057 publicarum,
434 2972 496 3036 etsi
523 2972 655 3037 minime
681 2972 777 3038 facile
805 2995 859 3040 eas
885 2975 920 3039 in
947 2997 987 3041 ea
1009 2998 1045 3042 re
1067 2978 1186 3063 publiea

188 3059 315 3124 futuras
343 3063 432 3144 puto.
477 3055 540 3124 Sed
566 3060 662 3126 huius
689 3061 798 3148 regiae
824 3062 931 3148 prima
957 3067 991 3129 et
1015 3066 1211 3132 certissimas

190 3151 240 3213 est
262 3147 321 3212 illa
344 3146 496 3211 mutatio:
525 3145 606 3212 Cum
629 3171 685 3214 rex
707 3149 848 3216 iniustus
872 3173 941 3216 esse
964 3154 1085 3238 coepit,
1113 3151 1185 3240 perit

188 3235 271 3299 illud
299 3235 374 3300 ilico
403 3255 518 3320 genus,
546 3240 579 3300 et
607 3240 657 3301 ost
678 3237 765 3302 idem
786 3238 844 3303 ille
867 3235 1039 3325 tyrannus,
1068 3238 1184 3308 deterri·
1223 3301 1224 3322 χ

188 3351 215 3402 p.
232 3325 296 3402 148]
321 3344 409 3387 mum
430 3321 434 3405 Ι
455 3343 557 3413 genus
577 3327 609 3388 et
627 3325 802 3390 finitimum
821 3327 959 3412 optim0;
982 3350 1079 3412 quem
1098 3331 1126 3396 si
1141 3348 1184 3410 op·
1223 3353 1224 3394 1

188 3409 322 3473 timates
340 3414 581 3494 oppresserunt,
600 3412 686 3495 quod
703 3412 805 3478 ferme
825 3416 942 3500 evenit,
960 3415 1061 3482 habet
1075 3421 1183 3484 statum
1223 3459 1224 3500 3

188 3517 240 3558 res
272 3495 403 3578 publica
435 3497 473 3560 de
505 3497 610 3562 tribus
644 3501 881 3588 secundarium3
914 3507 964 3570 est
991 3505 1078 3572 enim
1105 3497 1224 3591 quasit*

136 2679 180 2806 ἓὲ
