2510 3936
183 193 250 258 390
578 187 801 242 ostroinos

184 338 243 403 deo
267 334 454 401 similitudo.
490 332 583 408 Quod
606 354 705 416 quom
726 332 775 396 ita
793 332 847 415 sit,
869 353 952 415 quae
969 331 1102 396 tandem
1120 353 1186 396 esse

183 429 293 511 potest
311 423 444 508 propior
462 422 620 488 certiorve
634 420 809 506 cognatio?
836 419 953 504 Itaque
967 419 1009 484 ad
1021 420 1187 486 hominum

185 512 431 579 eommoditetes
451 514 483 575 et
501 532 579 575 usus
597 513 725 588 tantam
742 529 852 574 rerum
870 509 1055 574 ubertatem
1072 513 1188 573 natura

183 602 306 686 largita
332 603 396 683 est,
425 603 464 662 ut
490 621 541 682 ee,
572 619 653 683 quae
677 597 868 682 gignuntrm
898 597 1023 662 donata
1043 597 1188 663 consulto

183 690 288 772 nobis,
308 710 375 753 non
393 687 529 752 fortuito
547 691 626 751 nata
643 686 823 769 videantur,
840 707 900 750 nee
918 686 1026 750 solum
1044 709 1092 770 ea,
1111 708 1188 770 quae
1211 673 1238 741 ⁵l

183 777 332 862 frugibus
366 780 462 860 atque
494 774 584 840 baeis
616 780 722 839 terrae
751 773 822 838 fetu
849 773 1105 858 profunduntur,
1137 773 1189 838 sed

185 867 284 931 etiam
311 865 460 950 peeudes,
490 864 576 947 quod
598 863 804 948 perspicuum
826 862 885 945 sit,
912 863 1037 946 partim
1060 885 1131 928 esse
1152 862 1189 926 ad
1237 879 1238 954 l

184 977 279 1019 usum
297 953 473 1035 hominum,
495 951 617 1036 partim
636 950 844 1033 adiuratum,
865 950 987 1034 partim
1006 951 1050 1016 ad
1067 973 1190 1016 vesoen-

132 1055 167 1105 26
186 1044 262 1108 dum
293 1045 489 1127 procreatas.
534 1040 632 1104 Artes
659 1060 737 1103 vero
765 1039 1018 1104 innumerabiles
1046 1044 1189 1125 repertae

186 1136 261 1196 sunt
285 1132 418 1195 doeente
438 1133 570 1212 naturs;
592 1151 690 1212 quam
707 1127 838 1192 imitata
855 1127 940 1192 ratio
960 1149 1013 1192 res
1032 1129 1076 1194 ad
1094 1129 1190 1194 vitam
1202 1145 1220 1184 10

146 1221 167 1284 9
186 1219 382 1284 necessarias
407 1218 558 1282 sollerter
581 1219 754 1282 oonseouta
776 1220 836 1281 est.
874 1215 987 1300 Ipsum
1011 1221 1124 1282 autem
1140 1217 1190 1281 ho

185 1307 306 1372 minem
328 1306 441 1370 eadem
462 1309 581 1369 natura
602 1326 669 1369 non
691 1305 799 1370 solum
820 1304 988 1370 eeleritate
1006 1306 1130 1370 mentis
1147 1327 1190 1369 or·

185 1395 289 1476 navit,
319 1393 375 1458 sed
402 1397 436 1457 et
463 1414 577 1458 sensus
599 1396 769 1476 tamquam
791 1393 952 1458 satellites
975 1393 1138 1459 adtribuit
1158 1415 1191 1458 ae

184 1482 316 1553 nmtios
345 1484 377 1545 et
404 1502 513 1546 rerum
539 1481 753 1565 plurimarum
781 1482 936 1546 obseuras
963 1504 1023 1548 nee
1046 1483 1184 1548 satie...

184 1569 426 1657 intellegentias
461 1569 627 1634 inchoavit
663 1570 757 1654 quasi
791 1569 1004 1635 fundamenta
1036 1571 1220 1655 quaedam1⁵

186 1660 340 1724 scientiae
368 1659 571 1744 figuramque
600 1659 746 1743 eorporis
772 1658 918 1723 habilem
945 1662 978 1724 et
1006 1663 1122 1744 aptam
1147 1661 1191 1723 in·

186 1749 282 1834 genio
309 1748 451 1812 humano
479 1746 575 1810 dedit.
619 1745 706 1810 Nam
733 1769 832 1830 quom
859 1750 983 1812 ceteras
1011 1749 1190 1814 animantes

186 1837 358 1901 abiecisset
390 1835 430 1900 ad
458 1837 602 1919 pastum,
635 1835 741 1898 solum
770 1834 935 1900 hominem
961 1836 1066 1900 erexit
1096 1836 1191 1902 etad

186 1925 268 1989 eeeli
295 1923 389 2008 quasi
415 1922 618 2008 cognationis
646 1923 863 2006 domiciliique
889 1923 1022 2007 pristini
1045 1947 1190 2010 eonspec-

185 2016 257 2078 tum
284 2011 450 2095 excitavit,
475 2015 547 2075 tum
574 2011 713 2096 speeiem
740 2011 787 2074 ita
813 2011 969 2076 formavit
991 2013 1073 2096 oris,
1103 2018 1139 2079 ut
1159 2014 1220 2076 ina

133 2112 167 2161 27
186 2121 225 2165 ea
251 2100 379 2184 penitus
406 2099 588 2164 reconditos
612 2121 718 2164 mores
742 2098 925 2184 effingeret3
950 2105 1088 2166 namet
1112 2101 1190 2166 oouli

185 2188 282 2251 nimis
311 2187 433 2272 arguti,
461 2209 557 2270 quem
584 2187 625 2253 ad
652 2187 784 2252 modum
811 2188 919 2253 animo
948 2189 1056 2254 affecti
1086 2191 1190 2272 simus,

186 2277 376 2359 loquuntur,
404 2275 501 2359 etis,
529 2276 584 2359 qui
607 2276 792 2360 appelletur
813 2277 937 2361 vultus,
966 2277 1023 2361 qui
1044 2279 1138 2344 nullo
1159 2279 1190 2341 in

186 2363 351 2430 animante
374 2385 444 2428 esse
465 2368 595 2448 praeter
612 2365 777 2429 hominem
795 2368 913 2449 potest,
935 2365 1060 2430 indicat
1077 2388 1189 2447 mores,

185 2453 301 2538 quoius
323 2452 391 2517 vim
405 2451 520 2516 Graeci
537 2456 669 2536 norunt,
689 2475 807 2518 nomen
825 2453 958 2518 omnino
975 2476 1043 2519 non
1061 2455 1188 2520 habent.
1200 2468 1219 2506 ¹⁵

186 2541 312 2606 Omitto
344 2541 583 2626 oportunitates
612 2541 865 2625 habilitatesqus
891 2542 1010 2626 reliqui
1037 2544 1189 2628 eorporis,

186 2629 440 2696 moderationem
466 2629 569 2712 voois,
596 2629 753 2694 orationis
776 2630 855 2714 vim,
883 2651 967 2714 quae
989 2632 1189 2696 conciliatrix

186 2722 236 2782 est
267 2718 428 2782 humanae
447 2717 599 2782 -maxime
629 2717 808 2800 soeietatis3
838 2739 941 2802 neque
969 2718 1056 2784 enim
1085 2719 1189 2784 omnia

64 2825 66 2832 ‘
186 2810 262 2869 sunt
286 2806 383 2870 huius
407 2805 636 2890 disputationis
660 2828 697 2870 ae
719 2806 889 2891 temporis,
919 2810 954 2870 et
975 2807 1062 2872 huno
1085 2809 1188 2874 losum

186 2893 281 2974 satis,
303 2897 345 2957 ut·
362 2894 443 2958 mihi
465 2894 606 2978 videtur,
628 2894 725 2958 iniis
748 2894 852 2978 libris,
876 2915 956 2979 quos
979 2896 1119 2981 legistis,
1142 2907 1219 2958 eir-³⁰

185 2979 305 3065 pressit
331 2976 452 3066 Soipim
482 3003 580 3066 nuno,
608 2982 761 3066 quoniam
787 2983 965 3066 hominem,
993 2985 1080 3069 quod
1106 2984 1187 3070 prin·

186 3067 304 3151 eipium
337 3068 536 3153 reliquarum
567 3092 675 3135 rerum
707 3093 777 3136 esse
807 3071 926 3155 voluit,
958 3073 1128 3158 generavit
1157 3074 1187 3134 et
1237 3089 1238 3152 i

185 3156 314 3221 ornavit
337 3156 424 3240 deus,
445 3158 651 3242 perspicuum
674 3159 718 3223 sit
735 3159 824 3243 illud,
847 3181 888 3224 ne
906 3160 1017 3226 omnia
1035 3161 1187 3226 disseran-
1237 3179 1238 3220 l

184 3247 247 3326 tur,
260 3243 368 3327 ipsam
381 3265 439 3328 per
453 3267 488 3310 se
501 3249 652 3311 naturam
667 3247 797 3332 longius
809 3249 975 3334 progredi3
994 3271 1078 3333 quae
1091 3249 1185 3312 etiam
1237 3239 1238 3332 l

184 3331 275 3395 nullo
306 3333 439 3396 docente
468 3333 614 3416 proiecta
642 3336 682 3399 ab
709 3335 764 3417 iis,
794 3357 931 3418 quorum
959 3359 998 3400 ex
1024 3338 1130 3421 prima
1156 3337 1238 3418 et³⁵p

184 3416 337 3484 inchoata
358 3419 584 3503 intellegentia
607 3442 726 3506 genera
744 3424 906 3508 cognovit,
929 3425 1099 3490 confirmat
1116 3424 1185 3508 ipsa
1237 3421 1238 3498 ἶ

184 3523 242 3585 per
265 3506 299 3566 se
322 3504 481 3569 rationem
503 3509 536 3568 et
558 3509 693 3591 perficit.
1237 3503 1238 3524 ¹
