2458 3934
180 176 245 240 192
534 173 584 228 DE
602 171 844 230 DIVINATIONE

136 363 138 368 ·
178 341 205 384 e·
216 322 335 384 neture
353 318 402 383 vis
422 317 711 383 omnisvdivinendi
728 317 877 404 ratioque
890 317 1073 402 repetenda.
1099 315 1182 380 Fieri

179 406 280 490 igitur
304 405 413 470 omnis
434 406 505 471 fcto
527 405 613 471 ratio
638 405 726 490 cogit
748 404 854 470 fateri.
889 404 1008 471 Fctum
1027 405 1183 470 autemid

180 494 319 579 appello,
334 494 419 577 qnod
430 493 545 559 Graeci
559 492 771 580 cccccccccc,
785 493 820 559 id
835 497 886 559 est
899 494 1045 559 ordinem
1058 494 1181 558 seriem·

180 603 241 667 que
274 603 459 666 causarum,
490 604 564 648 cum
595 603 711 648 causee
742 603 841 647 cause
870 603 955 647 noxe
984 604 1055 648 rem
1086 603 1126 645 ex
1151 602 1182 645 se

180 670 304 756 gignet.
353 669 403 734 Ee
434 673 486 734 est
517 690 556 734 ex
588 670 677 735 omni
707 670 899 735 aeternitate
930 671 1034 736 fluens
1065 669 1209 734 veritasr

180 759 385 842 sempiterne.
422 756 515 834 Quod
536 780 610 824 cum
632 759 681 823 ite
701 758 754 842 sit,
775 757 858 823 nihil
877 762 929 824 ert
946 757 1080 841 fectum,
1104 756 1183 841 quod

179 867 247 910 non
271 845 418 911 futurum
444 845 557 930 fucrit,
589 846 764 930 eodemque
791 846 888 912 modo
915 846 998 910 nihil
1026 850 1079 911 est
1105 845 1182 910 futu-

180 957 266 1018 rum,
298 934 387 1000 cuius
418 955 486 1000 non
516 955 630 1000 causas
661 933 695 998 id
726 934 833 1018 ipsum
866 934 1042 1000 efficientes
1072 937 1183 998 netum

129 1033 180 1082 126
195 1023 368 1089 contineat.
408 1021 460 1087 Ex
483 1043 546 1107 quo
569 1021 781 1108 intellegitur,
803 1025 841 1087 ut
863 1021 969 1087 fetum
991 1022 1037 1086 sit
1059 1021 1182 1104 nonii,

181 1112 266 1196 quod
290 1111 524 1196 superstitiose,
547 1110 604 1176 sed
621 1110 662 1194 id,
685 1110 772 1194 quod
789 1109 923 1195 physice
941 1109 1071 1194 dicitur,
1094 1127 1209 1175 oeussu

181 1204 313 1264 aeterne
341 1220 463 1282 rerum,
493 1202 610 1263 curet
637 1220 688 1282 ee,
717 1219 799 1286 quse
821 1198 1075 1283 praeterierunt,
1104 1198 1182 1262 fecta

182 1287 248 1351 sint
271 1291 312 1369 et,
335 1309 418 1370 quae
440 1287 575 1371 instant,
596 1287 679 1351 fient
698 1289 743 1369 et,
766 1307 849 1371 quse
869 1291 1058 1371 sequuntur,
1081 1285 1183 1351 future

181 1374 256 1439 sint.
301 1373 354 1438 Ita
380 1375 431 1458 fit,
460 1378 498 1438 ut
525 1378 559 1439 et
581 1374 808 1440 observatione
830 1374 938 1440 notari
960 1375 1083 1459 possit,
1111 1394 1182 1458 quse

52 1515 58 1528 .
181 1482 233 1526 res
257 1483 418 1546 quamque
441 1483 572 1528 causum
594 1463 785 1547 plerumque
808 1465 1039 1548 consequetur,
1064 1460 1182 1528 etiamsi

180 1571 247 1615 non
274 1572 401 1635 semper
429 1547 518 1636 (nam
545 1550 579 1614 id
606 1550 735 1634 quidem
762 1550 933 1616 edfirmere
961 1550 1095 1616 difficile
1117 1548 1209 1632 estin

182 1640 374 1724 easdemque
406 1661 520 1704 censes
550 1638 621 1703 veri
652 1638 758 1704 simile
790 1641 840 1704 est
871 1661 980 1704 rerum
1006 1638 1180 1704 futurarum
1208 1671 1209 1676 ¹

182 1729 269 1794 cerni
296 1728 338 1793 ab
365 1727 421 1812 iis,
449 1727 505 1812 qui
532 1730 589 1792 eut
615 1748 674 1811 per
700 1727 844 1792 furorem
867 1748 922 1792 ees
946 1727 1062 1792 autin
1087 1727 1180 1812 quiete

181 1815 322 1880 videant.

129 1869 180 1995 {³267
248 1903 421 1968 Praeterea
443 1925 516 1969 cum
537 1902 607 1968 feto
631 1902 740 1968 omnia
762 1903 853 1987 fient,
874 1902 909 1968 id
929 1903 1016 1986 quod
1033 1905 1102 1970 elio
1119 1904 1179 1968 loco

133 1997 136 2004 '
183 1991 383 2075 ostendetur,
411 1991 439 2055 si
462 1991 534 2076 quis
557 1991 707 2056 mortalis
729 1990 836 2075 possit
858 2012 942 2076 esse,
970 1992 1027 2076 qui
1050 1991 1208 2076 conlige»

182 2080 305 2144 tionem
328 2100 498 2144 causarum
516 2079 660 2144 omnium
678 2078 855 2163 perspiciet
874 2080 991 2164 enimc,
1014 2081 1100 2145 nihil
1118 2099 1179 2143 eun

181 2166 328 2252 profecto
355 2166 460 2232 fellet.
506 2165 568 2243 oui
595 2167 680 2231 enim
702 2170 815 2231 teneat
838 2165 1179 2234 ccusesrerum·fi1tu-

181 2276 305 2339 rarum,
333 2253 420 2319 idem
448 2275 578 2320 necesse
605 2257 656 2319 est
682 2254 792 2320 omnis
820 2258 945 2341 teneat,
975 2277 1060 2339 ques
1081 2256 1179 2320 futuru
1207 2319 1208 2324 ,

182 2343 257 2408 sint.
302 2340 395 2417 Quod
421 2365 494 2408 cum
516 2364 611 2446 nemo
634 2342 740 2444 fecere
761 2342 826 2408 nisi
849 2343 927 2408 deus
949 2343 1070 2428 possit,
1097 2342 1178 2408 relin-
1207 2353 1208 2414 ἲ

182 2431 636 2585 ttettttttfflnt
657 2430 1205 2603 ttttrttfflttttttfit*

183 2629 265 2691 quoe
286 2606 398 2672 futura
421 2610 510 2690 sunt,
538 2606 647 2672 subito
670 2606 844 2692 exsistunt,
871 2608 927 2672 scd
950 2613 1000 2672 est
1024 2609 1117 2693 qussi
1137 2627 1177 2670 ru·
1207 2587 1208 2665 i

183 2695 289 2760 dentis
312 2694 484 2779 explicatio
508 2695 555 2760 sic
572 2693 734 2761 traductio
753 2696 910 2780 temporis
927 2696 1011 2761 nihil
1029 2697 1107 2764 novi
1123 2693 1177 2760 effi·

182 2783 297 2847 cientis
330 2786 363 2847 et
393 2784 536 2868 primum
568 2782 707 2867 quidque
738 2783 936 2868 replicantis.
986 2783 1080 2860 Quod
1106 2778 1176 2849 etii

182 2870 304 2954 vident,
326 2869 443 2954 quibus
464 2870 625 2936 naturalis
649 2870 805 2936 divinatio
829 2871 906 2937 dete
928 2876 987 2956 est,
1008 2877 1044 2938 et
1066 2874 1098 2957 ii,
1119 2867 1207 2954 qui-”r

182 2957 244 3021 bus
272 2977 384 3021 cursus
410 2979 519 3023 rerum
546 2957 748 3024 observando
777 2963 910 3025 notetus
938 2965 996 3026 cst.
1042 2959 1104 3037 Qui
1124 2954 1176 3022 etsi
1206 3031 1207 3038 χ

184 3065 298 3110 causes
324 3043 413 3128 ipses
439 3067 506 3111 non
532 3051 680 3130 cernunt,
707 3047 803 3133 signe
828 3052 940 3114 temen
961 3069 1129 3114 causarum
1148 3046 1174 3107 ei
1206 3061 1207 3098 ¹

182 3137 279 3198 notes
297 3136 445 3217 cernunt3
469 3134 510 3198 ad
528 3155 608 3218 ques
627 3135 774 3200 adhibite
792 3137 949 3202 memorie
967 3141 1000 3202 et
1018 3132 1174 3224 diligentia
1206 3123 1207 3156 ¹

184 3225 218 3286 ct
239 3221 457 3286 monumentis
481 3223 683 3307 superiorum
701 3223 843 3290 efficitur
860 3247 899 3290 oe
917 3226 1083 3310 divinatio,
1104 3240 1173 3308 quse

184 3309 359 3375 artificiosa
382 3309 511 3392 dicitur,
535 3313 697 3394 extorum,
719 3311 899 3398 fulgorum,
922 3317 1121 3380 ostentorum
1140 3307 1200 3372 ΒΝ

132 3405 182 3455 128
197 3417 397 3482 gnorumque
421 3395 616 3462 coelestium.
657 3396 733 3464 Non
750 3403 801 3465 est
818 3401 929 3488 igitur,
951 3406 989 3467 ut
1006 3399 1171 3466 mirandum

184 3483 228 3547 sit
250 3505 289 3548 ee
310 3482 504 3567 praesentiri
527 3505 547 3548 e
570 3483 799 3573 divinantibus,
822 3511 904 3574 quae
925 3511 1085 3574 nusquam
1106 3486 1171 3562 sint3
