2458 3934
292 199 360 254 111.
379 199 427 254 111.
447 199 522 255 cur.
541 206 655 256 11-11.
674 205 690 266 s
708 204 821 255 sr-sc.
999 200 1061 264 137

71 365 131 410 esse
147 319 260 429 filium,
278 366 352 410 cum
369 343 404 410 in
422 343 572 410 omnibus
589 343 674 410 fanis
693 347 787 430 pater
804 342 949 408 inberbis
968 346 1062 409 esset.

69 431 167 498 Etiam
197 454 326 498 mensas
354 434 526 518 argenteas
553 432 592 497 de
620 432 769 498 omnibus
797 432 939 497 delubris
965 431 1063 496 iussit
1081 447 1116 500 84

67 519 185 604 11111111,
208 521 244 584 in
266 521 384 605 quibus
407 541 480 586 cum
502 541 592 585 more
614 521 734 586 veteris
753 518 907 586 Graeciae
929 520 1062 605 inserip-

67 611 128 674 lum
153 612 243 673 essct
263 625 433 674 1111011111
454 625 614 691 nsokun,
640 607 690 673 uti
716 629 751 672 sa
778 628 889 674 corum
916 608 1063 673 bonitate

47 696 139 760 avelle
162 696 300 765 dicebat.
336 695 427 761 Idem
448 694 646 762 Victoriolas
668 718 783 762 aureas
806 700 838 761 et
860 700 991 782 pateras
1014 717 1063 762 co

64 805 227 868 roresque,
250 805 332 869 quae
355 784 600 850 simulacrorum
624 784 781 869 porrectis
800 784 950 849 manibus
969 785 1064 849 susti·

64 872 229 956 rebantur,
251 872 320 937 sine
343 871 545 938 dubitatione
567 872 707 938 tollebat
730 893 830 955 eaque
853 893 888 936 sc
911 872 1064 957 accipere,

64 980 122 1024 non
146 960 278 1026 auferre
306 959 445 1044 dicebat3
477 981 547 1024 csse
575 960 660 1026 enim
688 959 877 1044 stultitiam,
904 960 1064 1043 aquibus

65 1047 140 1113 bona
171 1070 393 1135 precaremur,
427 1048 469 1112 ab
500 1047 541 1112 iis
572 1047 814 1133 porrigentibus
846 1051 880 1111 11
912 1047 1064 1112 dantibus

37 1137 142 1200 cnolle
161 1158 301 1202 sumere.
335 1135 545 1219 Eandemque
562 1135 673 1202 ferunt
690 1135 779 1220 haec,
798 1156 879 1220 quae
898 1135 973 1220 dixi,
991 1136 1064 1201 sub-

63 1223 123 1290 lata
149 1225 189 1289 de
219 1224 305 1290 fanis
333 1223 500 1289 inferum
528 1223 704 1308 protulisse
733 1227 766 1288 et
792 1245 850 1309 per
872 1244 1064 1309 praeconem

63 1312 240 1378 vendidisse
263 1316 438 1396 exactaque
460 1311 596 1397 pecunia
618 1312 768 1397 edixisse,
794 1316 845 1396 ut,
872 1311 957 1396 quod
980 1312 1065 1397 quis-

8 1421 9 1424 *
64 1421 117 1483 que
145 1424 166 1466 a
194 1401 298 1466 sacris
325 1400 473 1483 baberet,
502 1400 537 1464 id
563 1403 638 1465 ante
661 1401 746 1464 diem
769 1403 891 1466 certam
913 1400 948 1464 in
970 1422 1065 1465 suum

65 1489 196 1574 quidque
222 1488 335 1553 fanum
355 1487 499 1552 referret.
533 1485 586 1552 Ita
604 1488 646 1552 ad
663 1488 865 1573 impietatem
883 1489 918 1552 in
936 1488 1013 1553 deos
1031 1489 1065 1553 in

37 1593 54 1633 1⁵
64 1575 205 1642 homines
226 1576 371 1642 adiunxit
390 1575 551 1641 iniuriam.
586 1574 682 1640 Hunc
699 1575 801 1660 igitur
818 1596 877 1640 1111
895 1574 1065 1660 Olympius
1075 1579 1119 1645 35

64 1662 206 1750 Iuppiter
224 1663 360 1730 fulmine
377 1664 537 1749 percussit
554 1685 614 1728 uec
629 1661 843 1747 Aesculapius
861 1662 980 1727 misero
999 1663 1066 1728 diu-

8 1787 9 1820 l
63 1755 220 1838 turdoque
242 1752 357 1817 morbo
379 1753 601 1818 tabescentem
622 1750 801 1833 interemit,
828 1753 926 1833 atque
948 1750 984 1813 in
1006 1771 1064 1815 suo

8 1863 9 1880 ³
63 1840 174 1906 lectulo
190 1844 341 1906 mortuus
354 1839 420 1922 in†
430 1838 594 1925 typanidis
602 1859 721 1924 rogum
729 1837 851 1902 inlatus
862 1841 913 1903 est
930 1859 1065 1923 eamque

63 1932 266 2012 potestatem,
289 1950 386 2012 quam
408 1927 478 2013 ipse
500 1948 559 2013 per
582 1928 686 1992 scelus
709 1930 780 1992 erat
801 1930 947 2010 nanctus,
973 1926 1066 2011 quasi

36 2015 176 2082 uiustam
197 2021 232 2080 et
249 2016 431 2101 legitimam
449 2014 641 2080 hereditatis
659 2016 731 2082 loco
748 2014 817 2080 filio
836 2014 978 2080 tradidit.
1015 2013 1065 2079 In·
1084 2027 1118 2078 85

63 2103 122 2169 rita
140 2106 178 2169 in
196 2105 349 2169 hocloco
370 2107 519 2168 versatur
538 2103 657 2187 orati03
679 2103 807 2168 ridetur
825 2103 911 2168 enim
929 2103 1066 2169 auctori·

63 2195 159 2258 tatem
188 2191 316 2258 adferre
342 2191 508 2277 peccandi3
535 2195 621 2256 recte
647 2192 824 2276 videretur,
852 2192 918 2256 nisi
945 2193 1066 2257 11111-

63 2281 137 2346 tutis
161 2285 197 2346 ct
220 2279 375 2344 vitiorum
398 2279 467 2344 sine
488 2279 556 2344 ulla
574 2278 826 2346 (111111111111111
846 2301 945 2365 grave
963 2280 1066 2364 ipsius

64 2369 275 2435 conscientiae
302 2366 427 2453 pondus
451 2370 551 2450 esset,
580 2389 645 2451 qua
668 2368 797 2432 sublata
818 2367 926 2432 iacent
949 2367 1066 2431 omnia.

35 2469 54 2510 ²⁵
63 2453 105 2519 Ut
121 2457 212 2522 enim
229 2476 289 2520 nec
307 2456 421 2521 domus
438 2477 497 2521 nec
515 2475 567 2519 res
585 2455 715 2540 publica
730 2455 856 2520 ratione
875 2453 1015 2538 quadam
1033 2457 1068 2519 et

64 2542 233 2630 disciplina
255 2543 436 2628 dissignata
457 2543 614 2625 rideatur,
638 2543 668 2608 si
684 2543 720 2606 in
737 2563 776 2606 11
792 2562 851 2606 nec
869 2545 956 2606 recte
968 2540 1066 2606 factis

63 2633 205 2714 praemia
227 2635 338 2697 extent
359 2631 429 2696 ulla
449 2651 509 2696 nce
531 2629 692 2714 supplicia
713 2629 864 2714 peccatis,
887 2628 933 2693 sic
955 2629 1067 2694 mundi

64 2719 167 2786 divina
197 2719 246 2800 [in
266 2719 427 2798 homines]
458 2718 637 2784 moderatio
664 2717 810 2803 profecto
833 2716 924 2781 nulla
947 2720 1010 2801 est,
1038 2717 1066 2782 si

64 2807 153 2873 inea
176 2807 350 2873 discrimen
371 2806 498 2871 nullum
521 2809 572 2871 est
593 2807 753 2870 bonorum
776 2808 809 2869 et
832 2805 1001 2871 malorum.

35 2907 54 2948 ³0
125 2896 287 2961 At.enim
312 2895 440 2959 minora
467 2894 501 2959 di
527 2893 706 2980 neglegrmt
727 2914 831 2976 neque
854 2893 980 2980 agellos
1003 2894 1066 2959 sin·
1085 2903 1119 2955 86

65 2984 212 3066 gulorum
233 3004 292 3048 nec
314 2983 465 3048 viticulas
487 2984 723 3068 persequuntur
744 3003 813 3066 nec,
836 2982 864 3046 si
886 2982 985 3047 uredo
1009 2987 1067 3048 aut

65 3072 184 3154 grando
204 3071 371 3157 quippiam
388 3071 507 3153 nocuit,
525 3070 558 3134 id
572 3069 644 3136 Iovi
657 3069 977 3136 animadvertendum
990 3069 1066 3152 fuit3

64 3177 100 3223 ue
120 3159 157 3224 in
178 3159 290 3245 regnis
313 3159 442 3243 quidem
464 3178 557 3244 reges
581 3158 689 3224 omnia
712 3157 846 3224 minima
869 3159 996 3238 curant3
1020 3155 1067 3220 sic

66 3247 147 3312 enim
177 3247 292 3312 dicitis.
340 3247 440 3322 Quasi
468 3267 530 3332 ego
559 3246 658 3330 paulo
688 3249 763 3312 ante
794 3246 832 3310 de
861 3243 961 3308 fundo
990 3241 1066 3307 For·
1092 3254 1093 3258 ’

37 3333 169 3400 aniano
192 3334 227 3399 P.
250 3335 368 3400 Rutilii
396 3335 459 3400 sim
485 3338 631 3418 questus,
657 3333 785 3399 nonde
809 3331 929 3396 amissa
952 3330 1066 3395 salute.

67 3420 171 3507 Atque
192 3422 254 3488 hoc
278 3423 406 3507 quidem
429 3443 541 3488 omnes
564 3423 719 3486 mortales
743 3421 789 3484 sic
811 3418 943 3502 habent,
966 3421 1067 3482 exter·
1077 3419 1119 3484 36

66 3528 121 3574 nas
144 3511 403 3596 commoditates,
426 3511 708 3594 vineta-segetes,
731 3507 861 3590 oliveta,
883 3505 1067 3569 ubertatem
