2490 3950
319 195 387 252 ΜΒ.
406 196 427 253 1.
448 196 524 287 cns.
544 204 656 255 rr-eo.
676 205 692 266 e
709 204 823 258 ss-sa.
1030 203 1071 266 21

17 301 18 304 Ἴ
79 338 186 402 existat
214 340 313 405 etad
333 362 394 406 nos
417 340 551 425 adfluat,
580 364 653 407 cum
676 344 825 409 maximis
847 345 1074 429 voluptatibus

76 426 106 490 in
123 449 176 492 eas
193 427 356 511 imagines
374 433 516 494 mentem
533 430 694 496 intentam
712 431 909 518 infixamque
926 437 1074 499 nostrum

75 514 327 601 intellegentiam
358 539 486 603 capere,
517 540 600 602 quae
632 519 676 584 sit
707 525 740 585 et
771 521 869 586 beata
896 526 1015 588 natura
1041 526 1075 586 et

76 606 208 668 aeterna.
261 601 396 669 Summa
427 627 504 670 vero
534 607 585 672 vis
617 607 789 674 infinitatis
821 614 855 674 et
886 631 1007 696 magna
1038 632 1075 676 ac
1094 623 1128 672 oo

54 691 218 776 ⁵diligenti
241 693 515 778 contemplatione
537 694 728 781 dignissima
751 701 814 782 est,
840 699 874 762 in
898 720 962 782 qua
983 699 1075 762 intel-
1129 769 1132 774 ,

74 779 133 865 legi
153 801 289 845 necesse
312 785 363 846 est
381 803 453 846 eam
472 804 541 848 esse
560 787 720 869 natmam,
742 789 780 850 ut
798 786 908 852 omnia
925 787 1076 852 omnibus

73 867 198 950 paribus
230 869 324 954 paria
346 870 571 955 respondeant.
614 870 709 938 Hanc
731 875 909 958 ἰσονομίαν
932 875 1076 959 appellat

72 954 237 1040 Epicurus,
259 957 295 1021 id
317 961 368 1022 est
390 959 592 1042 aequabilem
611 959 831 1026 tributionem.
870 961 921 1026 Ex
938 961 1000 1026 hae
1017 963 1076 1046 igi-

72 1047 120 1107 tur
143 1045 230 1110 illud
256 1044 409 1131 efficitur,
440 1047 470 1111 si
495 1047 683 1113 mortalium
710 1052 805 1114 tanta
826 1049 1001 1115 multitudo
1025 1051 1076 1133 sit,

41 1148 61 1185 1⁰
73 1153 136 1196 esse
152 1133 383 1200 inmortalium
399 1157 466 1200 non
483 1135 650 1221 minorem,
669 1140 704 1201 et
721 1137 758 1221 si,
777 1158 859 1221 quae
876 1137 1076 1221 interimant,

72 1220 320 1287 innumerabilia
341 1223 417 1306 sint,
439 1223 538 1288 etiam
556 1245 603 1310 ea,
626 1246 708 1308 quae
727 1229 928 1310 conservent,
949 1225 1078 1290 infinita

71 1329 136 1374 esse
169 1310 298 1376 debere.
350 1310 396 1377 Et
428 1333 580 1396 quaerere
611 1335 632 1377 a
661 1313 770 1397 nobie,
800 1313 918 1397 Balbe,
955 1314 1077 1398 soletis,

72 1419 147 1480 quae
173 1398 248 1463 vita
276 1398 408 1464 deorum
436 1400 494 1484 sit,
522 1421 667 1485 quaeque
690 1401 731 1466 ab
753 1401 794 1466 iis
818 1402 956 1488 degatur
977 1406 1076 1467 aetas.

70 1483 115 1549 lla
139 1486 308 1570 videlicet,
339 1510 404 1571 qua
429 1489 513 1553 nihil
536 1489 677 1571 beatius,
704 1489 787 1554 nihil
809 1490 959 1554 omnibus
981 1490 1077 1555 bonis
1095 1505 1128 1552 or

41 1573 255 1639 uaffluenrius
285 1575 424 1660 eogitari
455 1579 573 1662 potest.
622 1574 716 1641 Nihil
748 1577 833 1642 enim
865 1577 947 1662 agit,
978 1577 1077 1642 nullis

73 1663 339 1749 occupationibus
375 1667 427 1728 est
457 1663 646 1749 inplicatus,
681 1665 772 1729 nulla
804 1685 904 1748 opera
935 1665 1078 1748 molitur,

73 1770 126 1815 sna
142 1751 311 1837 sapientia
328 1755 362 1816 et
379 1751 501 1817 virtute
518 1752 647 1837 gaudet,
667 1753 768 1817 habet
786 1753 991 1836 exploratum
1007 1752 1078 1818 fore

73 1859 103 1902 se
123 1861 258 1924 semper
278 1861 353 1904 cum
373 1840 409 1904 in
431 1840 596 1923 maximis,
617 1843 689 1906 tum
710 1840 746 1904 in
768 1839 908 1905 aeternis
930 1840 1078 1925 volupta

71 1926 164 1992 tibus.
212 1926 310 1992 Hunc
340 1928 435 1992 deum
463 1929 526 1993 rite
555 1929 688 1995 beatum
715 1927 902 2013 dixerimus,
933 1932 1078 1994 vestrum

43 2029 143 2080 ”vero
160 2015 466 2082 laboriosissimum.
499 2013 572 2082 Sive
592 2017 678 2082 enim
691 2017 761 2103 ipse
776 2017 915 2082 mundus
929 2016 1078 2101 deusest,

73 2103 145 2186 quid
172 2106 289 2189 potest
315 2125 386 2168 esse
413 2105 520 2170 minus
548 2105 693 2188 quietum
720 2127 818 2189 quam
843 2106 936 2171 nullo
957 2109 1078 2191 puncto

73 2191 229 2277 temporis
260 2192 446 2258 intermisso
481 2192 606 2257 versari
634 2192 755 2258 circum
783 2215 877 2259 axem
906 2195 988 2265 caeli
1025 2195 1079 2260 ad-

74 2279 217 2345 mirabili
239 2280 427 2346 celeritate?
455 2279 519 2344 nisi
542 2281 688 2363 quietum
711 2285 820 2347 autem
841 2281 924 2346 nihil
947 2282 1079 2346 beatum

75 2371 133 2452 est;
156 2369 229 2434 sive
250 2368 379 2453 inipso
402 2368 521 2433 mundo
544 2369 622 2433 deus
644 2369 730 2433 inest
752 2370 880 2454 aliquis,
903 2369 960 2452 qui
976 2373 1080 2453 regat,

45 2456 128 2539 ¹⁵qui
154 2457 328 2542 gubernet,
355 2457 412 2540 qui
437 2477 550 2521 cursus
577 2461 754 2542 astrorum,
781 2457 979 2522 mutationes
1001 2459 1080 2520 tem-

76 2565 199 2627 porum,
220 2565 330 2609 rerum
352 2544 589 2610 vicissitudines
608 2545 800 2629 ordinesque
818 2548 994 2628 conservet,
1016 2548 1080 2608 ter-

76 2652 125 2696 ras
150 2636 186 2696 et
215 2633 320 2697 maria
347 2633 569 2716 contemplans
595 2633 764 2697 hominum
792 2632 961 2697 commoda
983 2633 1080 2696 vitas-

77 2739 133 2801 que
162 2723 310 2804 tneatur,
338 2742 380 2785 ne
408 2721 464 2784 ille
494 2724 544 2784 est
570 2720 747 2805 inplicatus
770 2718 917 2784 molestis
938 2720 1079 2805 negotiis

77 2811 107 2869 et
131 2808 292 2892 operosis!
337 2806 407 2873 Nos
435 2811 545 2873 autem
571 2808 703 2874 beatam
725 2807 828 2873 vitam
849 2807 885 2872 in
907 2808 1009 2874 animi
1031 2829 1077 2874 sc-
1095 2822 1129 2870 53

46 2895 211 2960 armare
239 2899 272 2960 et
298 2895 334 2960 in
361 2896 506 2961 omnium
532 2896 701 2962 vacatione
728 2917 898 2962 munerum
919 2897 1080 2982 ponimns.

78 2979 193 3050 Docuit
224 2984 311 3048 enim
341 3005 403 3050 nos
428 2984 528 3068 idem,
560 2985 617 3067 qui
639 2987 758 3069 cetera,
785 2988 903 3050 natura
932 2985 1082 3050 effectum

78 3090 143 3136 esse
166 3071 336 3156 mundum,
365 3072 448 3136 nihil
471 3094 552 3157 opus
574 3070 675 3137 fuisse
697 3072 831 3156 fabrica,
853 3077 986 3158 tamque
1009 3095 1082 3137 eam

79 3179 142 3223 rem
165 3181 236 3224 esse
257 3160 396 3244 facilem,
420 3182 519 3245 quam
540 3182 598 3226 vos
623 3159 707 3226 effici
728 3162 857 3247 negatis
881 3163 951 3226 sine
974 3160 1083 3225 divina

79 3266 171 3326 posse
199 3248 359 3331 sollertia,
389 3251 428 3312 ut
453 3249 699 3313 innumerabilis
727 3252 846 3313 natura
872 3247 1008 3312 mundos
1039 3247 1082 3310 ef-

49 3331 209 3415 35100110,Ι
232 3336 288 3418 sit,
321 3335 455 3419 efficiat,
488 3337 637 3402 effecerit.
691 3334 784 3412 Quod
815 3335 891 3417 quia
918 3354 1013 3417 quem
1044 3334 1084 3398 ad

81 3422 206 3488 modum
233 3427 353 3489 natura
380 3423 508 3490 efficere
536 3424 605 3488 sine
628 3423 739 3506 aliqua
760 3426 869 3488 mente
891 3421 997 3506 possit
1017 3443 1085 3485 non

81 3509 205 3597 videtis,
237 3516 276 3577 ut
307 3512 426 3597 tragici
459 3515 590 3596 poetae,
618 3533 691 3574 cunr
714 3510 876 3594 explicare
900 3508 1084 3591 argumenti

1088 1901 1131 1966 20

1097 1980 1131 2028 aa
