2510 3936
324 203 391 258 LIB.
414 204 434 259 I.
460 203 534 258 CAP.
555 211 632 260 6-8.
656 211 803 270 §19-25.
1004 207 1069 271 389

61 352 129 431 tur,
163 347 315 431 quoniam
346 348 429 412 nihil
463 352 513 412 est
543 348 669 414 ratione
697 349 812 413 melius
840 372 940 434 eaque
968 356 1011 415 est
1037 353 1071 415 et

60 437 94 500 in
126 436 257 501 homine
290 440 323 500 et
354 436 389 500 in
420 436 493 520 deo,
530 437 637 521 prima
668 437 793 502 homini
825 460 897 503 eum
930 439 989 503 deo
1020 461 1071 503 re-

60 525 161 589 tionis
185 524 337 607 societas3
365 525 452 590 inter
475 546 555 609 quos
580 529 688 590 autem
711 526 810 609 ratio,
832 527 918 592 inter
941 527 1070 592 eosdem

61 613 162 679 etiam
197 617 287 678 reeta
322 613 407 678 ratio
441 615 509 694 [et]
542 613 722 678 eommunis
754 618 821 698 est3
857 637 939 699 quae
973 637 1072 699 quom

36 702 104 767 rsit
142 701 210 785 lex,
246 701 319 787 lege
356 723 483 786 quoque
519 703 696 767 oonsooiati
731 702 879 768 homines
916 726 989 768 eum
1021 704 1071 768 dis

59 789 199 876 putandi
226 811 345 854 sumus.
390 789 481 854 inter
508 811 589 874 quos
616 812 714 876 porro
743 795 793 855 est
821 793 1004 856 communio
1028 793 1071 856 le-

61 879 122 965 gis,
145 878 304 943 intereos
327 878 509 944 communio
533 878 612 943 iuris
632 883 694 962 est3
718 879 835 962 quibus
859 883 967 944 autem
991 880 1071 945 haee

60 970 138 1031 sunt
170 966 255 1030 inter
287 987 342 1032 eos
374 967 573 1050 eommunia,
606 968 636 1031 ei
667 967 809 1032 civitatis
842 967 984 1032 eiusdem
1015 968 1071 1033 ha·

60 1055 158 1120 bandi
191 1057 280 1138 sunt3
312 1055 340 1119 si
371 1077 448 1120 vero
479 1055 583 1119 isdem
614 1055 759 1140 imperiis
791 1059 825 1119 et
851 1055 1071 1140 potestatibus
1119 1111 1120 1114 ,

26 1146 192 1228 reparent,
221 1144 325 1208 multo
357 1144 424 1208 iam
456 1143 577 1229 magis3
607 1147 724 1229 parent
756 1147 865 1208 autem
896 1143 972 1208 huie
1003 1165 1072 1209 oae-

60 1232 138 1296 lesti
177 1231 378 1316 discriptioni
415 1233 581 1316 mentique
622 1232 749 1297 divinae
792 1235 826 1296 et
865 1231 1069 1316 praepotent‘

62 1320 137 1403 de03
170 1323 207 1384 ut
238 1320 305 1385 iam
336 1319 505 1385 universus
537 1320 590 1385 hio
622 1320 760 1384 mundus
792 1343 857 1385 una
889 1320 1004 1385 civitas
1031 1321 1074 1386 sir

61 1407 242 1474 eommunis
275 1409 408 1472 deorum
436 1411 533 1492 atque
563 1408 731 1473 hominum
759 1409 983 1474 existimanda.
1027 1407 1073 1472 Et

62 1496 149 1580 quod
177 1496 212 1560 in
239 1496 426 1561 civitatibus
454 1497 580 1561 ratione
608 1497 761 1580 quadam,
792 1497 830 1562 de
858 1519 922 1580 qua
949 1497 1073 1562 dicetur

27 1601 49 1642 1⁵
62 1586 179 1650 idoneo
211 1585 300 1669 loeo,
334 1583 565 1670 agnationihus
596 1584 796 1650 familiarum
829 1585 1073 1670 distinguuntur

63 1676 184 1756 statue,
211 1672 246 1740 id
272 1673 307 1738 in
333 1695 441 1738 rerum
469 1676 587 1737 natura
614 1676 707 1738 tanto
736 1677 785 1736 est
813 1672 1072 1758 magnificentius

62 1764 222 1844 tantoque
251 1761 465 1845 praeclarius,
497 1764 535 1825 ut
561 1761 709 1825 homines
738 1761 870 1825 deorum
898 1761 1072 1846 agnatione

63 1854 95 1915 et
120 1852 219 1936 gente
242 1854 422 1913 teneantur.
842 1881 844 1888 v

129 1935 217 2002 Nam
240 1959 338 2022 quom
360 1938 399 2002 de
421 1941 538 2001 natura
556 1937 697 2002 hominis
716 1937 890 2021 quaeritur,
914 1937 1072 2022 disputari

26 2043 50 2083 2⁰
64 2027 149 2091 solet
168 2024 211 2108 (et
226 2025 381 2090 nimirum
400 2025 450 2090 ita
467 2029 526 2109 est,
544 2030 581 2090 ut
600 2025 799 2110 disputatur)
818 2026 983 2111 perpetuis
1003 2048 1072 2090 eur·

64 2115 154 2178 sibus
178 2113 499 2196 conversionibusqae
521 2114 716 2179 caelestibus
739 2114 886 2179 extitisse
911 2115 1072 2199 quandam

64 2202 290 2267 maturitatem
313 2202 439 2267 serendi
458 2202 585 2287 generis
604 2203 747 2286 humani,
766 2203 852 2287 qnod
871 2225 1020 2287 sparsum
1038 2201 1074 2268 in

64 2294 170 2355 terras
185 2293 282 2373 atque
296 2294 404 2355 satum
418 2290 527 2355 divino
542 2294 672 2355 anetum
688 2291 731 2354 sit
741 2291 922 2356 animorum
933 2313 1073 2373 munere,

64 2398 227 2463 quomque
250 2377 324 2461 alia,
346 2378 464 2462 quibus
487 2378 696 2443 cohaererent
719 2378 877 2462 homines,
901 2401 918 2442 e
940 2379 1073 2443 mortali

26 2482 183 2553 regenero
202 2467 408 2550 sumpserint,
431 2487 514 2550 quae
532 2465 665 2551 fragilia
683 2471 792 2530 essent
810 2466 988 2548 etcaduca,
1007 2466 1073 2530 ani-

65 2577 155 2619 mum
174 2575 244 2618 esse
262 2554 488 2640 ingeneratum
507 2554 609 2619 adeo.
641 2553 691 2618 Ex
706 2574 769 2638 quo
784 2575 858 2618 vere
872 2553 924 2618 vel
939 2553 1073 2638 agnatio

63 2642 159 2707 nobis
174 2664 247 2707 eum
260 2642 453 2708 caelestibus
467 2643 521 2707 vel
535 2663 636 2728 genus
651 2642 703 2707 vel
718 2641 817 2725 stirps
832 2642 990 2726 appellari
1003 2645 1073 2724 pot·

65 2734 124 2795 est.
155 2729 271 2814 ltaque
290 2753 329 2794 ex
346 2735 399 2796 tot
413 2731 585 2816 generibus
598 2729 726 2795 nullum
740 2733 790 2793 est
806 2730 928 2794 animal
944 2732 1073 2812 praeter

64 2818 240 2901 hominem,
263 2817 349 2902 quod
370 2818 491 2884 habeat
513 2819 665 2883 notitiam
684 2818 828 2901 aliquam
847 2817 907 2900 dei,
929 2816 1073 2901 ipsisque

26 2923 52 2962 ³⁰
65 2907 99 2971 in
117 2906 304 2971 hominibus
322 2906 414 2972 nulla
428 2928 507 2993 gens
523 2910 573 2972 est
586 2928 689 2990 neque
703 2910 772 2970 tam
787 2908 957 2970 mansueta
969 2927 1073 2989 neque

65 2999 135 3058 tam
157 2993 240 3078 fera,
273 3017 356 3078 quae
378 3016 457 3078 non,
485 2994 615 3059 etiamsi
637 2995 779 3080 ignoret,
804 2994 933 3077 qualem
954 2993 1073 3059 habere

66 3082 161 3168 deum
184 3083 304 3165 deceat,
324 3087 435 3148 tamen
452 3083 636 3148 habendum
656 3083 746 3147 soiat.
782 3079 833 3146 Ex
852 3105 916 3166 quo
935 3081 1073 3146 efficitur
1093 3092 1125 3140 25

64 3171 156 3254 illud,
178 3174 216 3235 ut
238 3171 267 3235 is
291 3175 448 3257 agnoscat
471 3170 575 3254 deum,
598 3171 662 3255 qui,
685 3170 768 3236 unde
792 3174 882 3235 ortus
907 3170 959 3250 sit,
981 3169 1074 3252 quasi

66 3258 254 3324 recordetur
284 3265 314 3324 et
344 3263 509 3344 agnoscat.
553 3258 624 3324 Iam
656 3281 733 3324 vero
765 3259 870 3323 virtus
902 3257 1013 3322 eadem
1040 3257 1076 3320 in

26 3362 52 3404 ³⁵
66 3346 199 3411 homine
230 3369 268 3411 ao
297 3347 356 3412 deo
386 3351 437 3411 est
464 3369 567 3432 neque
595 3347 659 3411 alio
687 3347 756 3411 ullo
783 3346 818 3409 in
845 3366 962 3431 genere
985 3366 1076 3428 prae·

66 3439 171 3517 terea3
202 3438 254 3498 est
285 3438 393 3499 autem
421 3435 525 3499 virtus
552 3435 634 3499 nihil
662 3434 750 3500 aliud
781 3433 845 3498 nisi
871 3433 1016 3518 perfecta
1043 3434 1076 3498 et

1091 1909 1126 2034 h

66 3522 108 3587 ad
137 3544 298 3587 summum
321 3523 477 3607 perducta
498 3526 629 3606 natura3
657 3527 708 3587 est
731 3521 834 3608 igitur
855 3521 980 3588 homini
1003 3539 1076 3586 oum
