2476 3936
174 203 239 268 276
324 237 325 243 Ν
532 199 580 253 nn
599 197 648 251 au
666 195 822 252 roanos

175 347 346 429 audienda,
373 365 446 411 cum
467 345 517 408 ita
539 342 663 426 dieunt,
690 341 839 406 accedere
863 339 904 406 ad
926 361 994 405 rem
1016 338 1167 424 publicam

174 436 364 522 plerumque
386 432 534 498 homines
556 431 649 496 nulla
666 449 702 494 re
720 430 807 494 bona
825 428 950 514 dignos,
973 449 1044 493 oum
1061 425 1167 511 quibus

174 551 201 603 p.
217 525 264 604 ss]
288 521 470 606 comparari
493 518 667 604 sordidum,
690 517 864 604 confligere
884 517 889 601 1
910 520 1019 582 autem
1036 515 1169 580 multitu·
1217 550 1218 638 q

174 611 248 676 dine
274 607 467 695 praesertim
493 607 629 673 incitata
655 606 811 671 miserum
834 608 868 670 et
889 604 1104 690 periculosum
1124 604 1169 667 sit.

175 698 278 775 Quam
293 699 418 763 obrem
429 718 533 781 neque
543 694 698 780 sapientis
712 715 787 758 esse
793 693 938 778 accipere
946 691 1098 778 habenas,
1106 713 1168 758 cum
1190 710 1200 749 ⁵

173 787 306 853 insanos
334 789 432 870 atque
459 783 634 850 indomitos
661 778 804 867 impetus
830 777 923 867 volgi
945 779 1094 846 cohibere
1113 801 1171 845 non

174 875 288 961 possit,
301 896 405 959 neque
419 873 515 939 liberi
528 894 601 937 cum
620 871 746 955 inpuris
761 874 859 954 atque
873 869 1058 934 inmanibus
1073 869 1170 934 adver-

142 999 145 1006 ·
175 964 270 1029 seriis
284 963 501 1028 decertantem
515 959 567 1026 vel
582 959 852 1025 contumeliarum
863 958 1002 1023 verbera
1013 957 1119 1022 subire
1125 957 1171 1021 vel

175 1055 343 1137 expectare
364 1049 504 1135 sapienti
520 1069 587 1114 non
604 1045 754 1111 ferendas
773 1045 921 1130 iniurias;
939 1045 1075 1131 proinde
1110 1044 1171 1110 uasi

174 1167 202 1220 p.
221 1141 269 1222 90]
285 1138 380 1203 bonis
401 1141 435 1203 et
451 1136 592 1202 fortibus
611 1138 644 1200 et
662 1155 784 1220 magno
801 1133 910 1198 animo
929 1067 1172 1220 praeditisiulla
1182 1151 1201 1188 1⁰

175 1228 219 1292 sit
241 1227 282 1292 ad
304 1247 373 1290 rem
395 1224 560 1310 publicam
583 1222 720 1289 adeundi
743 1243 840 1288 causa
861 1221 996 1306 iustior,
1023 1241 1118 1306 quam
1137 1243 1172 1284 ne
1219 1247 1220 1254 ¹

175 1317 311 1400 pareant
328 1313 474 1397 inprobis
489 1333 571 1376 neve
594 1313 636 1376 ab
653 1311 757 1376 isdem
776 1311 913 1376 lacerari
930 1332 1000 1375 rem
1018 1310 1173 1396 publicem

135 1471 156 1536 6
174 1401 350 1487 patiantur,
365 1423 437 1466 cum
446 1400 510 1485 ipsi
521 1399 676 1501 auxilinm
685 1399 779 1500 ferre,
789 1399 818 1463 si
827 1398 980 1551 cupiant,l
978 1419 1046 1464 non
1056 1402 1173 1484 queant.

123 1548 157 1597 ¹⁰
176 1489 620 1664 quodliregadriiliapiieiiddtdi
635 1487 869 1660 sdddepillidriirrl
882 1491 1174 1661 uiidmfflileippidirii’
1184 1593 1202 1630 1⁵

176 1688 231 1732 cae
253 1671 390 1752 partem,
413 1669 626 1751 estnequam
650 1663 678 1728 si
701 1686 775 1729 eum
798 1668 926 1752 tempus
949 1666 984 1728 st
1005 1665 1174 1730 necessitas

175 1755 339 1841 co'e'gerit‘?
370 1754 463 1839 qussi
489 1773 566 1819 vero
593 1752 697 1818 maior
725 1753 875 1838 cuiquam
901 1753 1080 1818 necessitas
1102 1752 1175 1818 acci-
1221 1809 1222 1834 ,

175 1844 250 1908 ders
276 1843 395 1928 possit,
425 1864 522 1926 quam
549 1841 666 1907 eccidit
692 1841 803 1925 nobis;
831 1841 868 1904 in
890 1859 955 1924 qua
977 1840 1056 1925 quid
1077 1841 1174 1906 facere

174 1959 202 2011 p.
222 1933 269 2012 as]
296 1931 489 2016 potuissem,
516 1929 520 2016 Ι
546 1929 611 1994 nisi
638 1934 708 1993 tum
731 1929 844 1995 consul
866 1927 1023 1994 fuissem?
1061 1929 1174 1996 Consul

176 2021 285 2085 autom
312 2037 382 2083 esse
405 2015 461 2102 qui
482 2018 588 2103 potui,
616 2017 681 2082 nisi
704 2039 778 2083 eum
800 2018 887 2083 vitae
910 2037 1041 2082 cursum
1064 2018 1203 2084 tenuis-²⁰

176 2127 244 2170 sem
267 2129 287 2170 a
308 2105 463 2189 pueritie,
492 2127 551 2190 per
573 2127 669 2190 quom
692 2105 835 2189 equestri
857 2105 929 2172 loeo
952 2109 1052 2170 natus
1073 2127 1175 2194 parve
1222 2143 1223 2150 κ

174 2194 278 2257 nirem
302 2192 344 2258 ad
361 2192 516 2258 honorem
535 2194 795 2279 amplissimum?
822 2191 898 2260 Non
915 2189 1018 2280 igitur
1035 2199 1175 2280 potestas

175 2284 226 2346 est
244 2303 283 2346 ex
300 2285 455 2366 tempore,
477 2285 536 2346 aut
553 2303 627 2348 oum
645 2282 736 2365 velis,
759 2282 941 2367 opitulandi
959 2283 1007 2348 rei
1024 2283 1175 2368 publicae,

176 2369 324 2454 quamvis
354 2389 392 2434 sa
418 2373 586 2454 prematur
612 2370 780 2455 periculis,
807 2370 872 2436 nisi
899 2391 937 2436 eo
961 2371 1033 2437 loco
1057 2373 1117 2457 sis,
1144 2374 1176 2435 ut

124 2473 155 2522 11
175 2459 237 2524 tibi
268 2458 303 2523 id
333 2457 440 2524 facere
471 2459 577 2523 liceat.
623 2458 827 2543 Maximeque
859 2457 921 2524 hoo
951 2457 987 2524 in
1013 2455 1203 2526 hominumn

175 2547 345 2612 doctorum
368 2546 514 2612 cretione
537 2546 619 2611 mihi
635 2547 754 2611 mirum
773 2547 875 2612 videri
893 2548 985 2632 solet,
1009 2549 1106 2634 quod,
1127 2546 1176 2634 qui

174 2662 202 2715 p.
217 2637 264 2716 84]
282 2635 462 2719 tranquillo
475 2630 574 2721 imeri
592 2634 774 2720 gubernare
792 2656 826 2700 se
839 2639 960 2721 negent
972 2657 1079 2721 posse,
1098 2634 1176 2722 quod

174 2745 233 2789 nec
255 2723 426 2788 didicerint
446 2745 507 2788 noc
528 2745 683 2807 umquem
696 2720 788 2789 'scire
811 2723 1003 2807 curaverint,
1025 2724 1124 2790 iidem
1140 2723 1176 2788 ad

175 2810 395 2896 gubernacula
418 2833 452 2876 se
475 2832 659 2877 accessuros
682 2813 897 2897 profiteantur
914 2812 1067 2878 excitatis
1085 2811 1175 2878 maxi·

174 2898 237 2962 mis
269 2898 428 2964 fluetibus.
473 2899 537 2964 Isti
568 2900 654 2964 enim
685 2901 796 2984 palam
826 2901 930 2966 dicere
957 2903 1056 2985 atque
1081 2903 1116 2967 in
1141 2913 1204 2964 eor⁰

174 2985 315 3050 multum
337 2987 437 3051 etiam
461 2988 596 3074 gloriari
619 2988 734 3072 solent,
758 3010 792 3053 se
816 2989 854 3053 de
872 2988 1056 3054 rationibus
1074 3009 1174 3055 rerum

174 3072 378 3158 publicarum
402 3079 458 3140 aut
481 3076 780 3142 constituendarum
803 3080 861 3142 aut
882 3077 1076 3142 tuendarum
1099 3075 1174 3142 nihil

173 3183 233 3228 neo
265 3161 414 3228 didicisse
445 3183 599 3248 umquam
628 3186 687 3230 nec
714 3165 842 3251 docere,
873 3187 1047 3250 earumque
1074 3183 1173 3230 rorum

173 3277 201 3330 p.
220 3252 268 3331 85]
293 3250 462 3338 scientiam
479 3272 546 3316 non
564 3252 667 3318 doctis
685 3253 871 3318 hominibus
891 3253 895 3333 l
916 3275 954 3319 ac
971 3253 1173 3339 sapientibus,

175 3338 231 3401 sed
266 3338 301 3403 in
331 3339 389 3404 illo
422 3359 538 3424 genere
570 3340 756 3406 exercitatis
788 3341 1023 3408 concedendam
1054 3342 1203 3428 putansa

174 3423 280 3498 Quare
308 3427 364 3509 qui
391 3427 541 3491 convenit
563 3428 712 3512 polliceri
734 3451 866 3516 operam
889 3451 984 3496 suam
1006 3431 1054 3496 rei
1075 3426 1172 3516 publi·

173 3533 230 3575 cae
251 3515 323 3577 tum
346 3513 495 3598 denique,
518 3514 547 3580 si
568 3517 762 3583 necessitate
785 3521 968 3606 cogantur?
991 3542 1072 3603 cum,
1095 3513 1173 3602 quod
