2510 3936
178 179 244 243 416
574 173 622 226 na
640 171 796 227 anemos

178 321 317 407 Cylonio
341 319 460 385 scelere
483 317 613 401 expiato
635 315 828 400 Epimenide
846 313 941 381 Crete
964 315 1123 380 suadente
1142 313 1184 378 fe

180 413 292 477 cerrmt
324 406 546 474 Contumeliae
577 405 689 470 fanum
721 409 755 469 et
785 403 1013 489 Inpudentiae3
1048 403 1184 467 virtutes

180 499 275 581 enim,
299 518 366 562 non
387 495 468 560 vitia
491 515 677 559 consecrare
701 492 800 557 decet.
846 492 978 576 Araque
1000 495 1133 556 vetusta
1154 492 1187 554 in

179 585 309 652 Palatio
330 583 444 648 Febris
468 586 501 646 et
524 583 627 647 altera
648 580 806 665 Esquiliis
824 578 931 644 Malae
949 579 1117 644 Fortunae
1139 579 1187 642 de

180 677 366 757 testataque
389 671 499 737 omnia
521 671 589 735 eius
612 669 701 734 modi
723 668 922 754 repudianda
945 671 1031 732 sunt.
1069 666 1211 742 Quodsi⁵

180 761 333 848 fingenda
358 759 504 842 nomina,
530 757 630 823 Vicae
652 757 755 822 Potae
782 757 892 841 potius
919 756 1071 821 vincendi
1095 760 1189 840 atque

180 849 343 936 potiundi,
372 846 484 912 Statae
508 846 616 911 standi
638 845 896 931 cognominaque
918 841 1062 909 Statoris
1086 849 1120 908 et
1141 843 1189 908 In-

181 939 260 1004 uicti
286 937 374 1003 Iovis
403 956 574 1018 rerumque
604 934 856 1023 expetendarum
882 933 1030 1016 nomina,
1060 930 1189 1016 Salutis,

181 1026 338 1109 Honoris,
370 1023 462 1110 Opis,
493 1022 665 1088 Victoriae.
713 1021 936 1106 Quoniamque
965 1023 1189 1106 expectatione

181 1137 290 1180 rerum
317 1113 475 1178 bonarum
503 1111 640 1198 erigitur
663 1110 804 1194 animus,
831 1114 919 1176 recte
942 1110 1044 1174 etiam
1068 1108 1150 1194 Spes
1172 1127 1221 1174 au

182 1203 334 1269 Calatino
361 1203 548 1266 consecrata
570 1202 629 1263 est.
673 1195 881 1282 Fortunaque
905 1198 950 1262 sit
971 1199 1024 1262 vel
1048 1197 1188 1263 Huiusce
1243 1253 1244 1282 p

182 1291 246 1355 diei
278 1289 368 1376 (nam
398 1289 488 1353 valet
519 1288 554 1350 in
586 1307 698 1352 omnes
731 1284 812 1374 dies)
843 1287 897 1351 vel
928 1285 1121 1371 Respiciens
1153 1286 1190 1350 ad
1243 1287 1244 1308 ²

183 1400 278 1463 opem
304 1375 470 1441 ferendam
495 1376 547 1440 vel
569 1373 665 1458 Fors,
692 1375 728 1440 in
750 1396 814 1459 quo
837 1374 954 1440 incerti
975 1396 1072 1439 casus
1096 1375 1190 1460 signi-

182 1467 321 1532 ficantur
347 1464 467 1549 magis,
493 1464 547 1528 vel
568 1463 769 1548 Primigenia
796 1485 815 1528 a
843 1463 1020 1548 gignendo,
1047 1463 1189 1546 †comes

131 1559 416 1706 12tumlleiiarum
443 1639 665 1723 festommque
691 1639 818 1704 dierum
844 1640 930 1704 ratio
952 1639 988 1703 in
1009 1619 1126 1704 liberis
1147 1661 1190 1704 re
1200 1570 1220 1606 1³

130 1693 164 1740 ²9
184 1732 325 1816 quietem
348 1729 457 1794 litium
479 1727 579 1792 habet
602 1732 635 1792 et
656 1727 852 1813 iurgiorum,
874 1728 910 1792 in
933 1728 1035 1793 servis
1060 1749 1189 1813 operum

184 1824 217 1884 et
244 1819 408 1901 laborum3
438 1838 517 1900 quas
544 1815 726 1901 conpositio
755 1816 831 1881 anni
859 1815 1006 1881 conferre
1034 1816 1132 1882 debet
1153 1816 1189 1881 ad

184 1906 414 1993 perfectionem
447 1926 581 1990 operum
612 1904 816 1969 rusticorum.
866 1903 960 1980 Quod
990 1906 1035 1970 ad
1065 1907 1189 1990 tempus

184 2000 222 2060 ut
254 1994 484 2060 sacrificiorum
515 1993 693 2056 libamenta
726 1995 896 2058 serventur
924 1993 1077 2076 fetusque
1103 2009 1221 2078 paeon

184 2106 266 2166 rum,
290 2103 372 2165 quae
391 2081 478 2146 dicta
494 2081 530 2145 in
548 2081 621 2165 lege
640 2084 725 2164 sunt,
749 2080 922 2166 diligenter
939 2080 1092 2146 habenda
1109 2081 1188 2146 ratio

183 2169 398 2235 intercalandi
416 2170 480 2251 est3
499 2169 586 2251 quod
603 2169 791 2233 institutum
808 2168 912 2254 perite
930 2167 1075 2234 aNuma
1087 2174 1189 2254 poste

184 2257 308 2322 riorum
336 2255 528 2341 pontificum
556 2256 764 2341 neglegentia
794 2256 990 2322 dissolutum
1019 2261 1080 2322 est.
1123 2257 1189 2322 Iam

184 2345 268 2410 illud
293 2367 332 2410 ex
354 2344 514 2409 institutis
537 2344 727 2430 pontificum
751 2349 784 2409 et
805 2345 1016 2429 haruspicum
1038 2368 1107 2411 non
1128 2369 1189 2410 mu·

183 2436 320 2500 tandum
343 2437 401 2516 est,
425 2432 542 2517 quibus
564 2432 683 2506 hostiis
705 2433 940 2498 immolandum
963 2434 1107 2518 quoique
1126 2435 1188 2516 deo,
1200 2448 1219 2488 2⁵
1242 2437 1243 2444 ’

186 2523 262 2607 quoi
285 2522 475 2605 maioribus,
503 2520 580 2604 quoi
602 2521 812 2606 lactentibus,
835 2521 912 2605 quoi
934 2522 1095 2605 maribus,
1119 2522 1190 2606 quoi
1242 2551 1243 2608 1

184 2611 323 2675 feminis.
368 2609 482 2674 Plures
511 2612 621 2674 autem
645 2609 777 2674 deorum
800 2610 957 2694 omnium,
985 2611 1109 2696 singuli
1132 2611 1190 2674 sin-
1242 2609 1243 2694 l

186 2700 338 2784 gulorum
366 2698 547 2763 sacerdotes
576 2701 608 2760 et
631 2697 845 2781 respondendi
867 2698 948 2762 iuris
972 2702 1005 2763 et
1028 2699 1190 2765 conficien-
1242 2695 1243 2772 l

186 2787 300 2851 darum
314 2787 509 2872 religionum
522 2785 715 2850 facultatem
730 2786 888 2851 adferunt.
912 2785 1082 2871 Quomque
1092 2787 1189 2853 Vesta
1242 2775 1243 2837 l

186 2875 280 2956 quasi
307 2874 416 2939 focum
442 2874 546 2956 urbis,
572 2877 611 2937 ut
634 2871 757 2940 Graeco
784 2874 915 2939 nomine
944 2879 995 2939 est
1018 2877 1220 2960 appellatae

186 2961 272 3043 quod
293 2982 353 3024 nos
374 2984 475 3047 prope
493 2962 579 3026 idem
598 2959 766 3046 Graecum,
788 2983 851 3028 noa
867 2963 1122 3048 interpretatum
1139 2985 1189 3028 no

185 3059 261 3112 men
282 3051 438 3131 tenemus,
462 3050 617 3133 conplexa
640 3050 693 3134 sit,
716 3051 747 3114 ei
769 3049 921 3115 colendae
939 3051 1086 3137 virgines
1104 3073 1188 3144 prae

186 3137 267 3218 sint,
299 3139 336 3199 ut
368 3136 565 3222 advigilatur
595 3137 723 3203 facilius
757 3139 798 3203 ad
829 3139 1010 3204 custodiam
1041 3141 1129 3226 ignis
1160 3143 1187 3204 et

161 3223 329 3287 'sentiant
357 3224 508 3289 mulieres
537 3229 688 3290 naturam
717 3226 912 3292 feminarum
942 3249 1073 3293 omnem
1101 3229 1189 3294 casti-
1227 3235 1239 3264 ¹

185 3315 289 3375 tatem
311 3313 390 3395 pati.
1199 3332 1220 3371 a

131 3411 167 3458 30
252 3397 344 3472 Quod
367 3401 513 3483 sequitur
534 3421 620 3483 vero,
642 3423 709 3467 non
727 3405 833 3469 solum
852 3404 893 3468 ad
911 3406 1106 3490 religionem
1124 3428 1188 3492 per·

185 3485 281 3569 tinet,
309 3487 486 3551 sedetiam
510 3488 551 3551 ad
574 3488 715 3554 civitatis
740 3496 877 3576 statum,
905 3497 943 3557 ut
966 3494 1036 3558 sine
1059 3495 1115 3578 iis,
1139 3494 1188 3578 qui
