<?xml version="1.0" encoding="UTF-8"?>
<!DOCTYPE html PUBLIC "-//W3C//DTD XHTML 1.0 Transitional//EN"
    "http://www.w3.org/TR/xhtml1/DTD/xhtml1-transitional.dtd">
<html xmlns="http://www.w3.org/1999/xhtml" xml:lang="en" lang="en">
 <head>
  <title>
</title>
<meta http-equiv="Content-Type" content="text/html;charset=utf-8" />
  <meta name='ocr-system' content='tesseract 3.04.00' />
  <meta name='ocr-capabilities' content='ocr_page ocr_carea ocr_par ocr_line ocrx_word'/>
</head>
<body>
  <div class='ocr_page' id='page_1' title='image "./mtulliiciceroni03mlgoog_0295.png"; bbox 0 0 2452 3938; ppageno 0'>
   <div class='ocr_carea' id='block_1_1' title="bbox 169 152 848 220">
    <p class='ocr_par' dir='ltr' id='par_1_1' title="bbox 169 152 848 220">
     <span class='ocr_line' id='line_1_1' title="bbox 169 152 848 220; baseline -0.001 -11"><span class='ocrx_word' id='word_1_1' title='bbox 169 155 235 220; x_wconf 84' lang='lat'><strong>244</strong></span> <span class='ocrx_word' id='word_1_2' title='bbox 534 152 583 210; x_wconf 84' lang='lat' dir='ltr'><strong>nn</strong></span> <span class='ocrx_word' id='word_1_3' title='bbox 601 152 848 209; x_wconf 75' lang='lat' dir='ltr'><strong>urvruurronn</strong></span> 
     </span>
    </p>
   </div>
   <div class='ocr_carea' id='block_1_2' title="bbox 116 268 1219 2054">
    <p class='ocr_par' dir='ltr' id='par_1_2' title="bbox 116 268 1219 2054">
     <span class='ocr_line' id='line_1_2' title="bbox 116 268 1219 383; baseline 0 -19"><span class='ocrx_word' id='word_1_4' title='bbox 116 277 287 364; x_wconf 77' lang='grc'><strong>6401110111</strong></span> <span class='ocrx_word' id='word_1_5' title='bbox 305 296 516 383; x_wconf 82' lang='lat' dir='ltr'><strong>eognovimus</strong></span> <span class='ocrx_word' id='word_1_6' title='bbox 534 297 702 362; x_wconf 86' lang='lat' dir='ltr'><strong>neminem.</strong></span> <span class='ocrx_word' id='word_1_7' title='bbox 739 295 825 362; x_wconf 85' lang='lat' dir='ltr'>Vide</span> <span class='ocrx_word' id='word_1_8' title='bbox 844 296 955 383; x_wconf 86' lang='lat' dir='ltr'><strong>igitur,</strong></span> <span class='ocrx_word' id='word_1_9' title='bbox 976 318 1027 383; x_wconf 91' lang='lat' dir='ltr'><strong>ne,</strong></span> <span class='ocrx_word' id='word_1_10' title='bbox 1049 296 1173 364; x_wconf 88' lang='lat' dir='ltr'><strong>etiamsi</strong></span> <span class='ocrx_word' id='word_1_11' title='bbox 1218 268 1219 324; x_wconf 59' lang='lat' dir='ltr'><strong>l</strong></span> 
     </span>
     <span class='ocr_line' id='line_1_3' title="bbox 117 354 1173 470; baseline 0.002 -20"><span class='ocrx_word' id='word_1_12' title='bbox 117 354 402 451; x_wconf 71' lang='grc'><strong>131(1111110110110111</strong></span> <span class='ocrx_word' id='word_1_13' title='bbox 423 385 485 450; x_wconf 92' lang='lat' dir='ltr'><strong>tibi</strong></span> <span class='ocrx_word' id='word_1_14' title='bbox 507 405 578 450; x_wconf 88' lang='lat' dir='ltr'><strong>esse</strong></span> <span class='ocrx_word' id='word_1_15' title='bbox 600 401 797 468; x_wconf 74' lang='lat' dir='ltr'><strong>conoessero,</strong></span> <span class='ocrx_word' id='word_1_16' title='bbox 825 385 911 469; x_wconf 91' lang='lat' dir='ltr'><strong>quod</strong></span> <span class='ocrx_word' id='word_1_17' title='bbox 932 407 1111 470; x_wconf 80' lang='lat' dir='ltr'><strong>numquam</strong></span> <span class='ocrx_word' id='word_1_18' title='bbox 1131 387 1147 452; x_wconf 85' lang='lat' dir='ltr'><strong>f</strong></span> <span class='ocrx_word' id='word_1_19' title='bbox 1164 422 1173 434; x_wconf 94' lang='lat'>·</span> 
     </span>
     <span class='ocr_line' id='line_1_4' title="bbox 169 471 1219 558; baseline 0.001 -18"><span class='ocrx_word' id='word_1_20' title='bbox 169 473 268 556; x_wconf 86' lang='lat' dir='ltr'><strong>eiarn,</strong></span> <span class='ocrx_word' id='word_1_21' title='bbox 303 473 464 540; x_wconf 90' lang='lat' dir='ltr'><strong>neminem</strong></span> <span class='ocrx_word' id='word_1_22' title='bbox 500 476 611 538; x_wconf 86' lang='lat' dir='ltr'><strong>tamen</strong></span> <span class='ocrx_word' id='word_1_23' title='bbox 646 471 790 539; x_wconf 83' lang='lat' dir='ltr'><strong>divinum</strong></span> <span class='ocrx_word' id='word_1_24' title='bbox 829 473 970 557; x_wconf 89' lang='lat' dir='ltr'><strong>reperire</strong></span> <span class='ocrx_word' id='word_1_25' title='bbox 1006 473 1174 558; x_wconf 86' lang='lat' dir='ltr'><strong>possimus.</strong></span> <span class='ocrx_word' id='word_1_26' title='bbox 1218 479 1219 506; x_wconf 72' lang='lat'><em>²</em></span> 
     </span>
     <span class='ocr_line' id='line_1_5' title="bbox 169 559 1219 645; baseline 0.002 -19"><span class='ocrx_word' id='word_1_27' title='bbox 169 560 282 637; x_wconf 80' lang='lat' dir='ltr'><strong>Qualis</strong></span> <span class='ocrx_word' id='word_1_28' title='bbox 306 564 416 628; x_wconf 88' lang='lat' dir='ltr'><strong>autem</strong></span> <span class='ocrx_word' id='word_1_29' title='bbox 437 561 503 629; x_wconf 89' lang='lat' dir='ltr'><strong>ista</strong></span> <span class='ocrx_word' id='word_1_30' title='bbox 525 582 616 626; x_wconf 90' lang='lat' dir='ltr'><strong>mens</strong></span> <span class='ocrx_word' id='word_1_31' title='bbox 639 562 689 626; x_wconf 87' lang='lat' dir='ltr'><strong>est</strong></span> <span class='ocrx_word' id='word_1_32' title='bbox 712 559 863 645; x_wconf 89' lang='lat' dir='ltr'><strong>deorum,</strong></span> <span class='ocrx_word' id='word_1_33' title='bbox 885 560 1040 645; x_wconf 84' lang='lat' dir='ltr'><strong>sineque</strong></span> <span class='ocrx_word' id='word_1_34' title='bbox 1063 584 1103 628; x_wconf 87' lang='lat' dir='ltr'><strong>ea</strong></span> <span class='ocrx_word' id='word_1_35' title='bbox 1124 584 1175 628; x_wconf 82' lang='lat' dir='ltr'><strong>no</strong></span> <span class='ocrx_word' id='word_1_36' title='bbox 1218 573 1219 608; x_wconf 59' lang='grc'><strong>1</strong></span> 
     </span>
     <span class='ocr_line' id='line_1_6' title="bbox 169 648 1207 736; baseline -0.002 -22"><span class='ocrx_word' id='word_1_37' title='bbox 169 649 220 714; x_wconf 91' lang='lat' dir='ltr'><strong>bis</strong></span> <span class='ocrx_word' id='word_1_38' title='bbox 244 649 429 734; x_wconf 86' lang='lat' dir='ltr'><strong>signifieant</strong></span> <span class='ocrx_word' id='word_1_39' title='bbox 450 649 485 714; x_wconf 92' lang='lat' dir='ltr'><strong>in</strong></span> <span class='ocrx_word' id='word_1_40' title='bbox 508 649 640 733; x_wconf 87' lang='lat' dir='ltr'><strong>somnis,</strong></span> <span class='ocrx_word' id='word_1_41' title='bbox 662 669 745 731; x_wconf 88' lang='lat' dir='ltr'><strong>quae</strong></span> <span class='ocrx_word' id='word_1_42' title='bbox 768 648 835 732; x_wconf 95' lang='lat' dir='ltr'><strong>ipsi</strong></span> <span class='ocrx_word' id='word_1_43' title='bbox 856 669 992 734; x_wconf 86' lang='lat' dir='ltr'><strong>pernes</strong></span> <span class='ocrx_word' id='word_1_44' title='bbox 1010 649 1176 736; x_wconf 84' lang='lat' dir='ltr'><strong>intellega-</strong></span> <span class='ocrx_word' id='word_1_45' title='bbox 1196 669 1207 712; x_wconf 78' lang='lat' dir='ltr'><strong>a</strong></span> 
     </span>
     <span class='ocr_line' id='line_1_7' title="bbox 169 736 1219 828; baseline 0.002 -26"><span class='ocrx_word' id='word_1_46' title='bbox 169 757 252 820; x_wconf 88' lang='lat' dir='ltr'><strong>mus,</strong></span> <span class='ocrx_word' id='word_1_47' title='bbox 272 758 376 821; x_wconf 86' lang='lat' dir='ltr'><strong>neque</strong></span> <span class='ocrx_word' id='word_1_48' title='bbox 400 759 446 820; x_wconf 89' lang='lat' dir='ltr'><strong>ea,</strong></span> <span class='ocrx_word' id='word_1_49' title='bbox 470 757 607 821; x_wconf 90' lang='lat' dir='ltr'><strong>quorum</strong></span> <span class='ocrx_word' id='word_1_50' title='bbox 629 736 826 820; x_wconf 75' lang='lat' dir='ltr'><strong>interpretes</strong></span> <span class='ocrx_word' id='word_1_51' title='bbox 849 736 970 802; x_wconf 89' lang='lat' dir='ltr'><strong>habere</strong></span> <span class='ocrx_word' id='word_1_52' title='bbox 992 738 1175 821; x_wconf 83' lang='lat' dir='ltr'><strong>possimus?</strong></span> <span class='ocrx_word' id='word_1_53' title='bbox 1218 745 1219 828; x_wconf 69' lang='lat' dir='ltr'><strong>l</strong></span> 
     </span>
     <span class='ocr_line' id='line_1_8' title="bbox 170 823 1219 910; baseline 0.004 -22"><span class='ocrx_word' id='word_1_54' title='bbox 170 824 293 890; x_wconf 82' lang='lat' dir='ltr'><strong>similes</strong></span> <span class='ocrx_word' id='word_1_55' title='bbox 321 824 407 890; x_wconf 89' lang='lat' dir='ltr'><strong>enim</strong></span> <span class='ocrx_word' id='word_1_56' title='bbox 435 826 510 890; x_wconf 87' lang='lat' dir='ltr'><strong>sunt</strong></span> <span class='ocrx_word' id='word_1_57' title='bbox 534 824 597 909; x_wconf 90' lang='lat' dir='ltr'><strong>dei,</strong></span> <span class='ocrx_word' id='word_1_58' title='bbox 625 823 653 888; x_wconf 88' lang='lat' dir='ltr'><strong>si</strong></span> <span class='ocrx_word' id='word_1_59' title='bbox 676 845 714 888; x_wconf 88' lang='lat' dir='ltr'><strong>ea</strong></span> <span class='ocrx_word' id='word_1_60' title='bbox 735 823 833 888; x_wconf 91' lang='lat' dir='ltr'><strong>nobis</strong></span> <span class='ocrx_word' id='word_1_61' title='bbox 857 824 1013 908; x_wconf 83' lang='lat' dir='ltr'><strong>obiciunt,</strong></span> <span class='ocrx_word' id='word_1_62' title='bbox 1042 847 1176 910; x_wconf 87' lang='lat' dir='ltr'><strong>quorum</strong></span> <span class='ocrx_word' id='word_1_63' title='bbox 1218 833 1219 892; x_wconf 87' lang='lat' dir='ltr'><strong>l</strong></span> 
     </span>
     <span class='ocr_line' id='line_1_9' title="bbox 169 912 1176 999; baseline 0 -21"><span class='ocrx_word' id='word_1_64' title='bbox 169 934 230 979; x_wconf 86' lang='lat' dir='ltr'><strong>nee</strong></span> <span class='ocrx_word' id='word_1_65' title='bbox 261 913 431 980; x_wconf 85' lang='lat' dir='ltr'><strong>seientiam</strong></span> <span class='ocrx_word' id='word_1_66' title='bbox 462 934 565 997; x_wconf 89' lang='lat' dir='ltr'><strong>neque</strong></span> <span class='ocrx_word' id='word_1_67' title='bbox 597 912 843 996; x_wconf 75' lang='lat' dir='ltr'><strong>explanatorem</strong></span> <span class='ocrx_word' id='word_1_68' title='bbox 873 912 1069 999; x_wconf 80' lang='lat' dir='ltr'><strong>habeamus,</strong></span> <span class='ocrx_word' id='word_1_69' title='bbox 1101 917 1176 981; x_wconf 87' lang='lat' dir='ltr'><strong>tam·</strong></span> 
     </span>
     <span class='ocr_line' id='line_1_10' title="bbox 171 999 1176 1086; baseline 0 -20"><span class='ocrx_word' id='word_1_70' title='bbox 171 1023 268 1085; x_wconf 88' lang='lat' dir='ltr'><strong>quam</strong></span> <span class='ocrx_word' id='word_1_71' title='bbox 298 1001 327 1066; x_wconf 92' lang='lat' dir='ltr'><strong>si</strong></span> <span class='ocrx_word' id='word_1_72' title='bbox 347 1001 450 1068; x_wconf 93' lang='lat' dir='ltr'><strong>Poeni</strong></span> <span class='ocrx_word' id='word_1_73' title='bbox 478 1005 535 1068; x_wconf 89' lang='lat' dir='ltr'><strong>aut</strong></span> <span class='ocrx_word' id='word_1_74' title='bbox 557 999 697 1085; x_wconf 87' lang='lat' dir='ltr'><strong>Hispani</strong></span> <span class='ocrx_word' id='word_1_75' title='bbox 723 999 760 1066; x_wconf 90' lang='lat' dir='ltr'><strong>in</strong></span> <span class='ocrx_word' id='word_1_76' title='bbox 786 1003 903 1066; x_wconf 85' lang='lat' dir='ltr'><strong>senatu</strong></span> <span class='ocrx_word' id='word_1_77' title='bbox 928 1005 1045 1068; x_wconf 89' lang='lat' dir='ltr'><strong>nostro</strong></span> <span class='ocrx_word' id='word_1_78' title='bbox 1073 1003 1176 1086; x_wconf 77' lang='lat' dir='ltr'><strong>loque</strong></span> 
     </span>
     <span class='ocr_line' id='line_1_11' title="bbox 120 1086 1205 1174; baseline 0.003 -24"><span class='ocrx_word' id='word_1_79' title='bbox 120 1100 169 1150; x_wconf 80' lang='lat'><strong>132</strong></span> <span class='ocrx_word' id='word_1_80' title='bbox 185 1093 297 1154; x_wconf 89' lang='lat' dir='ltr'><strong>rentur</strong></span> <span class='ocrx_word' id='word_1_81' title='bbox 325 1088 394 1156; x_wconf 86' lang='lat' dir='ltr'><strong>sine</strong></span> <span class='ocrx_word' id='word_1_82' title='bbox 420 1089 606 1173; x_wconf 81' lang='lat' dir='ltr'><strong>interprete.</strong></span> <span class='ocrx_word' id='word_1_83' title='bbox 646 1086 717 1152; x_wconf 89' lang='lat' dir='ltr'><strong>Iam</strong></span> <span class='ocrx_word' id='word_1_84' title='bbox 745 1108 821 1153; x_wconf 85' lang='lat' dir='ltr'><strong>vero</strong></span> <span class='ocrx_word' id='word_1_85' title='bbox 850 1111 914 1173; x_wconf 91' lang='lat' dir='ltr'><strong>quo</strong></span> <span class='ocrx_word' id='word_1_86' title='bbox 936 1089 1106 1174; x_wconf 71' lang='lat' dir='ltr'><strong>pertinent</strong></span> <span class='ocrx_word' id='word_1_87' title='bbox 1129 1091 1205 1156; x_wconf 83' lang='grc'><strong>011-11</strong></span> 
     </span>
     <span class='ocr_line' id='line_1_12' title="bbox 172 1174 1176 1262; baseline 0 -20"><span class='ocrx_word' id='word_1_88' title='bbox 172 1177 343 1242; x_wconf 84' lang='lat' dir='ltr'><strong>scuritates</strong></span> <span class='ocrx_word' id='word_1_89' title='bbox 366 1181 399 1242; x_wconf 87' lang='lat' dir='ltr'><strong>et</strong></span> <span class='ocrx_word' id='word_1_90' title='bbox 422 1177 607 1262; x_wconf 87' lang='lat' dir='ltr'><strong>aenigmata</strong></span> <span class='ocrx_word' id='word_1_91' title='bbox 629 1174 850 1242; x_wconf 81' lang='lat' dir='ltr'><strong>somniorum?</strong></span> <span class='ocrx_word' id='word_1_92' title='bbox 877 1176 1030 1262; x_wconf 85' lang='lat' dir='ltr'><strong>intellegi</strong></span> <span class='ocrx_word' id='word_1_93' title='bbox 1053 1179 1176 1244; x_wconf 78' lang='lat' dir='ltr'><strong>enims</strong></span> 
     </span>
     <span class='ocr_line' id='line_1_13' title="bbox 170 1263 1175 1348; baseline 0 -20"><span class='ocrx_word' id='word_1_94' title='bbox 170 1264 266 1329; x_wconf 90' lang='lat' dir='ltr'><strong>nobis</strong></span> <span class='ocrx_word' id='word_1_95' title='bbox 298 1263 331 1328; x_wconf 92' lang='lat' dir='ltr'><strong>di</strong></span> <span class='ocrx_word' id='word_1_96' title='bbox 361 1264 445 1329; x_wconf 79' lang='lat' dir='ltr'><strong>velle</strong></span> <span class='ocrx_word' id='word_1_97' title='bbox 473 1264 633 1328; x_wconf 87' lang='lat' dir='ltr'><strong>debebant</strong></span> <span class='ocrx_word' id='word_1_98' title='bbox 661 1285 712 1348; x_wconf 88' lang='lat' dir='ltr'><strong>ea,</strong></span> <span class='ocrx_word' id='word_1_99' title='bbox 744 1285 826 1348; x_wconf 90' lang='lat' dir='ltr'><strong>quae</strong></span> <span class='ocrx_word' id='word_1_100' title='bbox 852 1268 968 1331; x_wconf 91' lang='lat' dir='ltr'><strong>nostra</strong></span> <span class='ocrx_word' id='word_1_101' title='bbox 994 1287 1097 1332; x_wconf 87' lang='lat' dir='ltr'><strong>eausa</strong></span> <span class='ocrx_word' id='word_1_102' title='bbox 1121 1285 1175 1330; x_wconf 88' lang='lat' dir='ltr'><strong>nos</strong></span> 
     </span>
     <span class='ocr_line' id='line_1_14' title="bbox 171 1349 1177 1437; baseline 0.001 -21"><span class='ocrx_word' id='word_1_103' title='bbox 171 1355 346 1416; x_wconf 90' lang='lat' dir='ltr'><strong>monerent.</strong></span> <span class='ocrx_word' id='word_1_104' title='bbox 388 1349 493 1427; x_wconf 79' lang='lat' dir='ltr'><strong>Quid?</strong></span> <span class='ocrx_word' id='word_1_105' title='bbox 515 1355 613 1436; x_wconf 71' lang='lat' dir='ltr'><strong>potta</strong></span> <span class='ocrx_word' id='word_1_106' title='bbox 634 1373 744 1436; x_wconf 90' lang='lat' dir='ltr'><strong>nemo,</strong></span> <span class='ocrx_word' id='word_1_107' title='bbox 770 1373 866 1418; x_wconf 89' lang='lat' dir='ltr'><strong>nemo</strong></span> <span class='ocrx_word' id='word_1_108' title='bbox 888 1352 1046 1437; x_wconf 83' lang='lat' dir='ltr'><strong>physicus</strong></span> <span class='ocrx_word' id='word_1_109' title='bbox 1071 1354 1177 1420; x_wconf 90' lang='lat' dir='ltr'><strong>obseu-</strong></span> 
     </span>
     <span class='ocr_line' id='line_1_15' title="bbox 119 1438 1176 1525; baseline 0.006 -26"><span class='ocrx_word' id='word_1_110' title='bbox 119 1439 261 1504; x_wconf 72' lang='grc'><strong>13311131</strong></span> <span class='ocrx_word' id='word_1_111' title='bbox 292 1438 354 1504; x_wconf 92' lang='lat' dir='ltr'><strong>Ille</strong></span> <span class='ocrx_word' id='word_1_112' title='bbox 382 1460 458 1506; x_wconf 85' lang='lat' dir='ltr'><strong>vero</strong></span> <span class='ocrx_word' id='word_1_113' title='bbox 485 1439 583 1504; x_wconf 89' lang='lat' dir='ltr'><strong>nimis</strong></span> <span class='ocrx_word' id='word_1_114' title='bbox 611 1439 708 1505; x_wconf 87' lang='lat' dir='ltr'><strong>etiam</strong></span> <span class='ocrx_word' id='word_1_115' title='bbox 731 1439 887 1504; x_wconf 81' lang='lat' dir='ltr'><strong>obscurus</strong></span> <span class='ocrx_word' id='word_1_116' title='bbox 911 1439 1121 1525; x_wconf 83' lang='lat' dir='ltr'><strong>Euphorion3</strong></span> <span class='ocrx_word' id='word_1_117' title='bbox 1147 1444 1176 1506; x_wconf 86' lang='lat' dir='ltr'><strong>at</strong></span> 
     </span>
     <span class='ocr_line' id='line_1_16' title="bbox 169 1525 1204 1612; baseline -0.002 -20"><span class='ocrx_word' id='word_1_118' title='bbox 169 1547 236 1592; x_wconf 93' lang='lat' dir='ltr'><strong>non</strong></span> <span class='ocrx_word' id='word_1_119' title='bbox 257 1525 429 1594; x_wconf 90' lang='lat' dir='ltr'><strong>Homerus.</strong></span> <span class='ocrx_word' id='word_1_120' title='bbox 452 1525 549 1600; x_wconf 51' lang='lat' dir='ltr'><strong>¹Uter</strong></span> <span class='ocrx_word' id='word_1_121' title='bbox 570 1527 672 1612; x_wconf 88' lang='lat' dir='ltr'><strong>igitur</strong></span> <span class='ocrx_word' id='word_1_122' title='bbox 693 1527 831 1592; x_wconf 83' lang='lat' dir='ltr'><strong>melior?</strong></span> <span class='ocrx_word' id='word_1_123' title='bbox 868 1527 974 1592; x_wconf 86' lang='lat' dir='ltr'><strong>Valde</strong></span> <span class='ocrx_word' id='word_1_124' title='bbox 991 1527 1175 1595; x_wconf 81' lang='lat' dir='ltr'><strong>Heraclitus</strong></span> <span class='ocrx_word' id='word_1_125' title='bbox 1187 1545 1204 1584; x_wconf 77' lang='lat'><strong>1⁵</strong></span> 
     </span>
     <span class='ocr_line' id='line_1_17' title="bbox 171 1614 1175 1702; baseline 0 -22"><span class='ocrx_word' id='word_1_126' title='bbox 171 1616 336 1701; x_wconf 85' lang='lat' dir='ltr'><strong>obscurus,</strong></span> <span class='ocrx_word' id='word_1_127' title='bbox 353 1615 487 1680; x_wconf 88' lang='lat' dir='ltr'><strong>minime</strong></span> <span class='ocrx_word' id='word_1_128' title='bbox 500 1614 713 1682; x_wconf 72' lang='lat' dir='ltr'><strong>Democritus,</strong></span> <span class='ocrx_word' id='word_1_129' title='bbox 744 1614 833 1680; x_wconf 87' lang='lat' dir='ltr'><strong>Num</strong></span> <span class='ocrx_word' id='word_1_130' title='bbox 851 1615 954 1702; x_wconf 90' lang='lat' dir='ltr'><strong>igitur</strong></span> <span class='ocrx_word' id='word_1_131' title='bbox 972 1617 1175 1683; x_wconf 80' lang='lat' dir='ltr'><strong>conferendi?</strong></span> 
     </span>
     <span class='ocr_line' id='line_1_18' title="bbox 169 1701 1175 1790; baseline 0 -22"><span class='ocrx_word' id='word_1_132' title='bbox 169 1701 243 1770; x_wconf 89' lang='lat' dir='ltr'><strong>Mea</strong></span> <span class='ocrx_word' id='word_1_133' title='bbox 262 1725 358 1770; x_wconf 87' lang='lat' dir='ltr'><strong>eausa</strong></span> <span class='ocrx_word' id='word_1_134' title='bbox 376 1726 429 1768; x_wconf 90' lang='lat' dir='ltr'><strong>me</strong></span> <span class='ocrx_word' id='word_1_135' title='bbox 446 1725 568 1788; x_wconf 93' lang='lat' dir='ltr'><strong>mones,</strong></span> <span class='ocrx_word' id='word_1_136' title='bbox 590 1702 676 1786; x_wconf 87' lang='lat' dir='ltr'><strong>quod</strong></span> <span class='ocrx_word' id='word_1_137' title='bbox 693 1723 759 1768; x_wconf 90' lang='lat' dir='ltr'><strong>non</strong></span> <span class='ocrx_word' id='word_1_138' title='bbox 776 1703 991 1790; x_wconf 80' lang='lat' dir='ltr'><strong>intellegam?</strong></span> <span class='ocrx_word' id='word_1_139' title='bbox 1026 1703 1175 1782; x_wconf 73' lang='lat' dir='ltr'><strong>Quiane</strong></span> 
     </span>
     <span class='ocr_line' id='line_1_19' title="bbox 169 1790 1175 1878; baseline -0.003 -22"><span class='ocrx_word' id='word_1_140' title='bbox 169 1790 272 1876; x_wconf 87' lang='lat' dir='ltr'><strong>igitur</strong></span> <span class='ocrx_word' id='word_1_141' title='bbox 293 1791 427 1858; x_wconf 81' lang='lat' dir='ltr'><strong>mones?</strong></span> <span class='ocrx_word' id='word_1_142' title='bbox 450 1795 487 1858; x_wconf 91' lang='lat' dir='ltr'><strong>ut</strong></span> <span class='ocrx_word' id='word_1_143' title='bbox 510 1791 539 1857; x_wconf 88' lang='lat' dir='ltr'><strong>si</strong></span> <span class='ocrx_word' id='word_1_144' title='bbox 562 1791 633 1876; x_wconf 86' lang='lat' dir='ltr'><strong>quis</strong></span> <span class='ocrx_word' id='word_1_145' title='bbox 657 1790 798 1856; x_wconf 84' lang='lat' dir='ltr'><strong>medieas</strong></span> <span class='ocrx_word' id='word_1_146' title='bbox 818 1796 953 1878; x_wconf 86' lang='lat' dir='ltr'><strong>aegroto</strong></span> <span class='ocrx_word' id='word_1_147' title='bbox 971 1791 1124 1878; x_wconf 87' lang='lat' dir='ltr'><strong>imperet,</strong></span> <span class='ocrx_word' id='word_1_148' title='bbox 1144 1795 1175 1856; x_wconf 91' lang='lat' dir='ltr'><strong>ut</strong></span> 
     </span>
     <span class='ocr_line' id='line_1_20' title="bbox 170 1882 279 1944; baseline 0.009 -2"><span class='ocrx_word' id='word_1_149' title='bbox 170 1882 279 1944; x_wconf 87' lang='lat' dir='ltr'><strong>sumat</strong></span> 
     </span>
     <span class='ocr_line' id='line_1_21' title="bbox 194 1965 1204 2054; baseline 0.002 -25"><span class='ocrx_word' id='word_1_150' title='bbox 194 2003 196 2008; x_wconf 94' lang='lat'>·</span> <span class='ocrx_word' id='word_1_151' title='bbox 215 1966 479 2052; x_wconf 85' lang='lat' dir='ltr'><strong>Terrigenam,</strong></span> <span class='ocrx_word' id='word_1_152' title='bbox 497 1965 782 2050; x_wconf 87' lang='lat' dir='ltr'><strong>herbigradam,</strong></span> <span class='ocrx_word' id='word_1_153' title='bbox 802 1965 1079 2054; x_wconf 89' lang='lat' dir='ltr'><strong>domiportam,</strong></span> <span class='ocrx_word' id='word_1_154' title='bbox 1098 1983 1204 2032; x_wconf 74' lang='lat' dir='ltr'><strong>san-u</strong></span> 
     </span>
    </p>
   </div>
   <div class='ocr_carea' id='block_1_3' title="bbox 803 2074 1108 2142">
    <p class='ocr_par' dir='ltr' id='par_1_3' title="bbox 803 2074 1108 2142">
     <span class='ocr_line' id='line_1_22' title="bbox 803 2074 1108 2142; baseline 0.02 -25"><span class='ocrx_word' id='word_1_155' title='bbox 803 2074 917 2139; x_wconf 84' lang='lat' dir='ltr'><strong>guma</strong></span> <span class='ocrx_word' id='word_1_156' title='bbox 941 2077 1108 2142; x_wconf 84' lang='lat' dir='ltr'><strong>cassam,</strong></span> 
     </span>
    </p>
   </div>
   <div class='ocr_carea' id='block_1_4' title="bbox 169 2159 1175 2332">
    <p class='ocr_par' dir='ltr' id='par_1_4' title="bbox 169 2159 1175 2332">
     <span class='ocr_line' id='line_1_23' title="bbox 169 2159 1175 2243; baseline 0.005 -21"><span class='ocrx_word' id='word_1_157' title='bbox 169 2159 279 2242; x_wconf 90' lang='lat' dir='ltr'><strong>potius</strong></span> <span class='ocrx_word' id='word_1_158' title='bbox 308 2181 405 2243; x_wconf 88' lang='lat' dir='ltr'><strong>quam</strong></span> <span class='ocrx_word' id='word_1_159' title='bbox 431 2159 601 2224; x_wconf 90' lang='lat' dir='ltr'><strong>hominum</strong></span> <span class='ocrx_word' id='word_1_160' title='bbox 623 2179 713 2223; x_wconf 89' lang='lat' dir='ltr'><strong>more</strong></span> <span class='ocrx_word' id='word_1_161' title='bbox 736 2160 904 2224; x_wconf 86' lang='lat' dir='ltr'><strong>eooleam</strong></span> <span class='ocrx_word' id='word_1_162' title='bbox 927 2159 1059 2226; x_wconf 80' lang='lat' dir='ltr'><strong>diceret.</strong></span> <span class='ocrx_word' id='word_1_163' title='bbox 1095 2160 1175 2226; x_wconf 88' lang='lat' dir='ltr'><strong>Nam</strong></span> 
     </span>
     <span class='ocr_line' id='line_1_24' title="bbox 170 2244 537 2332; baseline 0.005 -22"><span class='ocrx_word' id='word_1_164' title='bbox 170 2244 371 2312; x_wconf 84' lang='lat' dir='ltr'><strong>Pacuvianus</strong></span> <span class='ocrx_word' id='word_1_165' title='bbox 394 2247 537 2332; x_wconf 84' lang='lat' dir='ltr'><strong>Amphio</strong></span> 
     </span>
    </p>
   </div>
   <div class='ocr_carea' id='block_1_5' title="bbox 120 2350 1204 3368">
    <p class='ocr_par' dir='ltr' id='par_1_5' title="bbox 120 2350 1204 3368">
     <span class='ocr_line' id='line_1_25' title="bbox 216 2350 1174 2438; baseline 0.001 -22"><span class='ocrx_word' id='word_1_166' title='bbox 216 2350 440 2438; x_wconf 73' lang='lat' dir='ltr'><strong>Quadrupes</strong></span> <span class='ocrx_word' id='word_1_167' title='bbox 484 2350 728 2436; x_wconf 82' lang='lat' dir='ltr'><strong>tardigrada,</strong></span> <span class='ocrx_word' id='word_1_168' title='bbox 774 2352 960 2437; x_wconf 73' lang='lat' dir='ltr'><strong>agrestis,</strong></span> <span class='ocrx_word' id='word_1_169' title='bbox 1005 2353 1174 2435; x_wconf 89' lang='lat' dir='ltr'><strong>humilis,</strong></span> 
     </span>
     <span class='ocr_line' id='line_1_26' title="bbox 939 2463 1080 2508; baseline 0.028 -4"><span class='ocrx_word' id='word_1_170' title='bbox 939 2463 978 2505; x_wconf 88' lang='lat' dir='ltr'><strong>as</strong></span> <span class='ocrx_word' id='word_1_171' title='bbox 1014 2463 1080 2508; x_wconf 89' lang='lat' dir='ltr'><strong>era</strong></span> 
     </span>
     <span class='ocr_line' id='line_1_27' title="bbox 215 2465 1174 2612; baseline -0.001 -20"><span class='ocrx_word' id='word_1_172' title='bbox 215 2526 352 2612; x_wconf 78' lang='lat' dir='ltr'><strong>Capite</strong></span> <span class='ocrx_word' id='word_1_173' title='bbox 370 2526 494 2610; x_wconf 84' lang='lat' dir='ltr'><strong>brevi,</strong></span> <span class='ocrx_word' id='word_1_174' title='bbox 515 2527 664 2592; x_wconf 79' lang='lat' dir='ltr'><strong>eervioe</strong></span> <span class='ocrx_word' id='word_1_175' title='bbox 683 2527 862 2612; x_wconf 74' lang='lat' dir='ltr'><strong>anguina,</strong></span> <span class='ocrx_word' id='word_1_176' title='bbox 887 2465 1049 2612; x_wconf 66' lang='lat' dir='ltr'><strong>aspeditri</strong></span> <span class='ocrx_word' id='word_1_177' title='bbox 1067 2494 1174 2611; x_wconf 68' lang='lat' dir='ltr'><strong>thuri,</strong></span> 
     </span>
     <span class='ocr_line' id='line_1_28' title="bbox 148 2613 1204 2698; baseline 0.002 -17"><span class='ocrx_word' id='word_1_178' title='bbox 148 2613 150 2620; x_wconf 73' lang='grc'><em>’</em></span> <span class='ocrx_word' id='word_1_179' title='bbox 215 2614 459 2698; x_wconf 83' lang='lat' dir='ltr'><strong>Hviseersta,</strong></span> <span class='ocrx_word' id='word_1_180' title='bbox 480 2615 768 2698; x_wconf 64' lang='lat' dir='ltr'><strong>inanima-cum</strong></span> <span class='ocrx_word' id='word_1_181' title='bbox 791 2614 954 2680; x_wconf 82' lang='lat' dir='ltr'><strong>animali</strong></span> <span class='ocrx_word' id='word_1_182' title='bbox 975 2638 1070 2683; x_wconf 88' lang='lat' dir='ltr'><strong>sono</strong></span> <span class='ocrx_word' id='word_1_183' title='bbox 1185 2629 1204 2672; x_wconf 75' lang='lat'><strong>2⁵</strong></span> 
     </span>
     <span class='ocr_line' id='line_1_29' title="bbox 172 2719 1058 2807; baseline 0.001 -21"><span class='ocrx_word' id='word_1_184' title='bbox 172 2743 246 2786; x_wconf 84' lang='lat' dir='ltr'><strong>cum</strong></span> <span class='ocrx_word' id='word_1_185' title='bbox 269 2720 403 2786; x_wconf 83' lang='lat' dir='ltr'><strong>dixisset</strong></span> <span class='ocrx_word' id='word_1_186' title='bbox 427 2720 604 2804; x_wconf 84' lang='lat' dir='ltr'><strong>obscurius,</strong></span> <span class='ocrx_word' id='word_1_187' title='bbox 627 2723 698 2784; x_wconf 84' lang='lat' dir='ltr'><strong>tum</strong></span> <span class='ocrx_word' id='word_1_188' title='bbox 718 2719 824 2786; x_wconf 82' lang='lat' dir='ltr'><strong>Attici</strong></span> <span class='ocrx_word' id='word_1_189' title='bbox 846 2723 1058 2807; x_wconf 86' lang='lat' dir='ltr'><strong>respondent:</strong></span> 
     </span>
     <span class='ocr_line' id='line_1_30' title="bbox 216 2823 1098 2912; baseline 0.003 -21"><span class='ocrx_word' id='word_1_190' title='bbox 216 2825 302 2891; x_wconf 90' lang='lat' dir='ltr'><strong>Non</strong></span> <span class='ocrx_word' id='word_1_191' title='bbox 322 2823 609 2912; x_wconf 70' lang='lat' dir='ltr'><strong>intellegimuS,</strong></span> <span class='ocrx_word' id='word_1_192' title='bbox 630 2823 708 2890; x_wconf 88' lang='lat' dir='ltr'><strong>nisi</strong></span> <span class='ocrx_word' id='word_1_193' title='bbox 731 2825 764 2890; x_wconf 92' lang='lat' dir='ltr'><strong>si</strong></span> <span class='ocrx_word' id='word_1_194' title='bbox 787 2831 919 2911; x_wconf 89' lang='lat' dir='ltr'><strong>aperte</strong></span> <span class='ocrx_word' id='word_1_195' title='bbox 943 2825 1098 2894; x_wconf 88' lang='lat' dir='ltr'><strong>dixeris.</strong></span> 
     </span>
     <span class='ocr_line' id='line_1_31' title="bbox 171 2929 1175 3017; baseline 0 -20"><span class='ocrx_word' id='word_1_196' title='bbox 171 2929 217 2997; x_wconf 86' lang='lat' dir='ltr'><strong>At</strong></span> <span class='ocrx_word' id='word_1_197' title='bbox 239 2931 295 2994; x_wconf 93' lang='lat' dir='ltr'><strong>ille</strong></span> <span class='ocrx_word' id='word_1_198' title='bbox 319 2950 382 2995; x_wconf 90' lang='lat' dir='ltr'><strong>uno</strong></span> <span class='ocrx_word' id='word_1_199' title='bbox 405 2932 519 2996; x_wconf 82' lang='lat' dir='ltr'><strong>verbo:</strong></span> <span class='ocrx_word' id='word_1_200' title='bbox 547 2930 724 2996; x_wconf 80' lang='lat' dir='ltr'><strong>Testudo.</strong></span> <span class='ocrx_word' id='word_1_201' title='bbox 762 2930 838 2997; x_wconf 91' lang='lat' dir='ltr'><strong>Non</strong></span> <span class='ocrx_word' id='word_1_202' title='bbox 860 2935 1015 3016; x_wconf 89' lang='lat' dir='ltr'><strong>potueras</strong></span> <span class='ocrx_word' id='word_1_203' title='bbox 1037 2934 1101 2999; x_wconf 88' lang='lat' dir='ltr'><strong>hoe</strong></span> <span class='ocrx_word' id='word_1_204' title='bbox 1122 2930 1175 3017; x_wconf 89' lang='lat' dir='ltr'><strong>igi·</strong></span> 
     </span>
     <span class='ocr_line' id='line_1_32' title="bbox 172 3017 812 3103; baseline 0.003 -22"><span class='ocrx_word' id='word_1_205' title='bbox 172 3021 227 3082; x_wconf 87' lang='lat' dir='ltr'><strong>tur</strong></span> <span class='ocrx_word' id='word_1_206' title='bbox 249 3041 269 3081; x_wconf 89' lang='lat' dir='ltr'><strong>a</strong></span> <span class='ocrx_word' id='word_1_207' title='bbox 292 3017 460 3102; x_wconf 86' lang='lat' dir='ltr'><strong>prinoipio,</strong></span> <span class='ocrx_word' id='word_1_208' title='bbox 484 3018 663 3103; x_wconf 80' lang='lat' dir='ltr'><strong>citharista,</strong></span> <span class='ocrx_word' id='word_1_209' title='bbox 686 3019 812 3084; x_wconf 82' lang='lat' dir='ltr'><strong>dicere?</strong></span> 
     </span>
     <span class='ocr_line' id='line_1_33' title="bbox 120 3092 1204 3191; baseline 0.005 -22"><span class='ocrx_word' id='word_1_210' title='bbox 120 3092 163 3156; x_wconf 76' lang='grc'><strong>65</strong></span> <span class='ocrx_word' id='word_1_211' title='bbox 238 3104 354 3170; x_wconf 87' lang='lat' dir='ltr'><strong>Defert</strong></span> <span class='ocrx_word' id='word_1_212' title='bbox 377 3105 418 3170; x_wconf 89' lang='lat' dir='ltr'><strong>ad</strong></span> <span class='ocrx_word' id='word_1_213' title='bbox 441 3105 655 3172; x_wconf 79' lang='lat' dir='ltr'><strong>coniectorem</strong></span> <span class='ocrx_word' id='word_1_214' title='bbox 678 3107 809 3191; x_wconf 89' lang='lat' dir='ltr'><strong>quidam</strong></span> <span class='ocrx_word' id='word_1_215' title='bbox 832 3108 1010 3174; x_wconf 88' lang='lat' dir='ltr'><strong>somniasse</strong></span> <span class='ocrx_word' id='word_1_216' title='bbox 1030 3132 1065 3176; x_wconf 91' lang='lat' dir='ltr'><strong>se</strong></span> <span class='ocrx_word' id='word_1_217' title='bbox 1083 3120 1204 3176; x_wconf 78' lang='lat' dir='ltr'><strong>ovum³⁰</strong></span> 
     </span>
     <span class='ocr_line' id='line_1_34' title="bbox 121 3169 1174 3282; baseline 0.006 -25"><span class='ocrx_word' id='word_1_218' title='bbox 121 3169 311 3278; x_wconf 75' lang='lat' dir='ltr'><strong>134pendere</strong></span> <span class='ocrx_word' id='word_1_219' title='bbox 330 3214 369 3256; x_wconf 83' lang='lat' dir='ltr'><strong>ex</strong></span> <span class='ocrx_word' id='word_1_220' title='bbox 385 3191 494 3258; x_wconf 80' lang='lat' dir='ltr'><strong>fascea</strong></span> <span class='ocrx_word' id='word_1_221' title='bbox 511 3193 588 3259; x_wconf 89' lang='lat' dir='ltr'><strong>leeti</strong></span> <span class='ocrx_word' id='word_1_222' title='bbox 607 3195 657 3259; x_wconf 84' lang='lat' dir='ltr'><strong>sui</strong></span> <span class='ocrx_word' id='word_1_223' title='bbox 671 3195 863 3260; x_wconf 83' lang='lat' dir='ltr'><strong>cubicularis</strong></span> <span class='ocrx_word' id='word_1_224' title='bbox 878 3193 943 3282; x_wconf 88' lang='lat' dir='ltr'><strong>(est</strong></span> <span class='ocrx_word' id='word_1_225' title='bbox 956 3197 1019 3263; x_wconf 87' lang='lat' dir='ltr'><strong>hos</strong></span> <span class='ocrx_word' id='word_1_226' title='bbox 1032 3199 1066 3264; x_wconf 94' lang='lat' dir='ltr'><strong>in</strong></span> <span class='ocrx_word' id='word_1_227' title='bbox 1080 3195 1174 3280; x_wconf 79' lang='lat' dir='ltr'><strong>chry·</strong></span> 
     </span>
     <span class='ocr_line' id='line_1_35' title="bbox 174 3279 1174 3368; baseline 0.002 -22"><span class='ocrx_word' id='word_1_228' title='bbox 174 3281 260 3366; x_wconf 85' lang='lat' dir='ltr'><strong>sippi</strong></span> <span class='ocrx_word' id='word_1_229' title='bbox 282 3280 366 3346; x_wconf 91' lang='lat' dir='ltr'><strong>libro</strong></span> <span class='ocrx_word' id='word_1_230' title='bbox 391 3279 580 3366; x_wconf 81' lang='lat' dir='ltr'><strong>somnium)3</strong></span> <span class='ocrx_word' id='word_1_231' title='bbox 603 3284 770 3368; x_wconf 88' lang='lat' dir='ltr'><strong>respondit</strong></span> <span class='ocrx_word' id='word_1_232' title='bbox 788 3284 950 3350; x_wconf 80' lang='lat' dir='ltr'><strong>coniector</strong></span> <span class='ocrx_word' id='word_1_233' title='bbox 969 3285 1174 3352; x_wconf 86' lang='lat' dir='ltr'><strong>thensaurum</strong></span> 
     </span>
    </p>
   </div>
   <div class='ocr_carea' id='block_1_6' title="bbox 173 3367 1219 3545">
    <p class='ocr_par' dir='ltr' id='par_1_6' title="bbox 173 3367 1219 3602">
     <span class='ocr_line' id='line_1_36' title="bbox 175 3367 1219 3478; baseline 0.005 -46"><span class='ocrx_word' id='word_1_234' title='bbox 175 3367 339 3470; x_wconf 76' lang='lat' dir='ltr'><strong>defossum</strong></span> <span class='ocrx_word' id='word_1_235' title='bbox 362 3390 432 3434; x_wconf 88' lang='lat' dir='ltr'><strong>esse</strong></span> <span class='ocrx_word' id='word_1_236' title='bbox 445 3369 515 3469; x_wconf 29' lang='lat' dir='ltr'><strong>‘sub</strong></span> <span class='ocrx_word' id='word_1_237' title='bbox 539 3369 631 3434; x_wconf 84' lang='lat' dir='ltr'><strong>lecto.</strong></span> <span class='ocrx_word' id='word_1_238' title='bbox 667 3369 773 3455; x_wconf 84' lang='lat' dir='ltr'><strong>Fodit,</strong></span> <span class='ocrx_word' id='word_1_239' title='bbox 795 3371 919 3474; x_wconf 79' lang='lat' dir='ltr'><strong>invenit</strong></span> <span class='ocrx_word' id='word_1_240' title='bbox 942 3374 1014 3474; x_wconf 79' lang='lat' dir='ltr'><strong>auri</strong></span> <span class='ocrx_word' id='word_1_241' title='bbox 1037 3375 1173 3476; x_wconf 78' lang='lat' dir='ltr'><strong>eliquan-</strong></span> <span class='ocrx_word' id='word_1_242' title='bbox 1218 3405 1219 3478; x_wconf 51' lang='lat' dir='ltr'><strong>p</strong></span> 
     </span>
     <span class='ocr_line' id='line_1_37' title="bbox 173 3456 1173 3545; baseline 0.008 -28"><span class='ocrx_word' id='word_1_243' title='bbox 173 3459 257 3540; x_wconf 91' lang='lat' dir='ltr'><strong>tum,</strong></span> <span class='ocrx_word' id='word_1_244' title='bbox 293 3457 389 3539; x_wconf 90' lang='lat' dir='ltr'><strong>1dque</strong></span> <span class='ocrx_word' id='word_1_245' title='bbox 425 3456 658 3522; x_wconf 85' lang='lat' dir='ltr'><strong>orreumdatum</strong></span> <span class='ocrx_word' id='word_1_246' title='bbox 689 3463 840 3545; x_wconf 89' lang='lat' dir='ltr'><strong>argento,</strong></span> <span class='ocrx_word' id='word_1_247' title='bbox 875 3465 966 3526; x_wconf 85' lang='lat' dir='ltr'><strong>mrsrt</strong></span> <span class='ocrx_word' id='word_1_248' title='bbox 998 3465 1173 3542; x_wconf 82' lang='lat' dir='ltr'><strong>eomeeton,</strong></span> 
     </span>
    </p>
   </div>
   <div class='ocr_carea' id='block_1_7' title="bbox 0 0 1230 3938">
    <p class='ocr_par' dir='ltr' id='par_1_7' title="bbox 0 0 1230 3938">
     <span class='ocr_line' id='line_1_38' title="bbox 0 0 1230 3938; baseline 0 0"><span class='ocrx_word' id='word_1_249' title='bbox 0 0 1230 3938; x_wconf 95' lang='lat' dir='ltr'><strong> </strong></span> 
     </span>
    </p>
   </div>
  </div>
 </body>
</html>
