2476 3936
147 190 213 256 286
504 187 554 241 ua
572 187 621 240 aa
638 183 794 240 ruamus

148 334 285 400 Zethum
311 334 405 398 illum
427 330 559 398 Pacuvii
585 331 682 395 nimis
705 329 871 394 inimicum
895 329 1058 395 doctrinae
1080 349 1146 394 esse

148 423 288 506 dicebat3
311 422 417 507 magis
436 442 509 486 eum
528 419 710 485 delectabat
723 417 959 503 Neoptolemus
973 417 1076 501 Idnnii,
1094 417 1146 500 qui

147 539 175 592 p.
196 513 259 592 181]
289 531 323 574 se
351 510 397 574 ait
425 507 716 593 ‘philosophari
740 506 745 591 Ι
769 506 887 589 velle,
916 504 982 572 sed
1006 506 1145 590 paucis3

147 621 233 664 nam
260 597 412 663 omnino
437 596 537 662 haud
559 593 740 680 placere'.
780 592 903 669 Quodsi
926 593 1033 658 studia
1055 592 1146 658 (irae

148 709 259 753 corum
285 707 344 751 vos
371 687 465 750 tanto
492 706 589 770 opere
612 684 786 766 delectant,
814 686 890 746 sunt
913 682 979 747 alia
1001 682 1179 748 liberiores

149 779 182 840 et
203 773 370 839 transfusa
392 772 501 855 latius,
524 794 606 856 quae
627 772 680 837 vel
704 771 745 836 ad
765 793 860 836 usum
878 770 966 836 vitae
984 772 1036 836 vel
1055 770 1147 835 etiam

149 863 190 929 ad
206 863 314 948 ipsam
331 883 400 927 rem
418 860 583 946 publicam
602 859 746 925 conferre
764 880 946 944 possumus.
978 857 1066 924 Istae
1084 859 1146 942 qui-

149 951 221 1018 dem
244 955 346 1036 artes,
370 950 398 1014 si
420 947 516 1014 modo
540 947 663 1031 aliquid
685 948 808 1031 valent,
829 948 865 1012 id
885 948 997 1026 calent,
1020 951 1057 1012 ut
1078 968 1147 1031 pau·

148 1041 217 1105 lum
249 1041 366 1142 acuant
395 1042 429 1102 et
455 1040 623 1138 tamquam
650 1035 786 1135 inritent
812 1035 946 1121 ingenia
972 1056 1148 1121 puerorum,

95 1123 901 1313 pllll¹tll⁰ltl2lllhd⁸tzla0
929 1231 950 1276 a
977 1215 1025 1296 a,
1055 1139 1180 1294 rari

150 1303 205 1368 sed
229 1323 357 1387 quaero,
381 1323 462 1384 quae
480 1303 518 1365 tu
536 1322 607 1365 esse
625 1300 749 1365 maiora
765 1299 950 1388 intellegas.
983 1300 1021 1365 L.
1040 1299 1148 1365 Dicam

148 1391 330 1456 mehercule
358 1393 391 1454 et
418 1391 607 1454 contemnar
634 1411 654 1453 a
680 1391 713 1452 te
739 1386 893 1471 fortasse,
926 1409 1000 1452 cum
1027 1392 1065 1453 tu
1090 1389 1149 1452 ista

148 1478 302 1545 caelestia
324 1478 363 1542 de
381 1474 531 1565 Scipione
550 1476 734 1560 quaesieris,
757 1496 819 1562 ego
838 1479 948 1540 autem
965 1477 1055 1560 haee,
1074 1497 1149 1561 quac

148 1568 298 1633 videntur
330 1569 405 1631 anta
437 1565 547 1631 oculos
576 1587 659 1649 esse,
691 1565 796 1650 magis
823 1568 935 1650 putem
964 1565 1182 1649 quaerendas

149 1655 232 1733 Quid
255 1655 341 1726 enim
363 1653 445 1718 mihi
466 1652 502 1718 L.
525 1653 620 1718 Pauli
641 1674 756 1738 nepos,
782 1653 846 1718 hoc
869 1654 1045 1737 avunculo,
1066 1653 1151 1719 nobi-

148 1744 275 1810 lissima
296 1744 331 1808 in
352 1741 479 1808 familia
502 1746 599 1826 atque
621 1740 657 1806 in
678 1741 740 1806 hac
761 1744 832 1806 tam
855 1741 945 1806 clara
966 1763 1002 1805 re
1024 1741 1153 1826 publica

147 1837 258 1916 natus,
290 1831 430 1916 quaerit,
463 1853 526 1915 quo
554 1828 650 1894 modo
681 1829 743 1894 duo
774 1829 859 1894 soles
887 1829 950 1894 visi
978 1829 1061 1915 sint,
1090 1852 1152 1895 non

149 1920 289 2005 quaerit,
319 1941 376 1986 cur
403 1919 440 1983 in
467 1941 532 1984 una
560 1940 596 1983 re
621 1917 753 2002 publica
780 1917 843 1982 duo
871 1921 1004 1983 senatus
1032 1921 1066 1982 et
1094 1919 1152 1982 duo

148 2036 175 2088 p.
191 2011 256 2089 213]
279 2028 381 2092 paene
400 2007 467 2073 iam
485 2005 599 2092 populi
617 2006 704 2072 sint?
732 2003 828 2090 Nam,
850 2009 888 2073 ut
906 2002 1044 2093 vildetis,
1067 2029 1151 2072 mors
1163 2022 1184 2062 2⁰

149 2095 270 2159 Tiberii
284 2093 423 2159 Gracchi
441 2098 474 2158 et
491 2095 558 2159 iam
577 2098 652 2159 ante
670 2094 849 2158 totaillius
868 2094 953 2158 ratio
967 2095 1153 2160 tribunatus

148 2182 259 2248 divisit
287 2182 444 2267 populum
474 2205 574 2247 unum
600 2181 634 2246 in
662 2181 741 2247 duas
767 2181 887 2267 partis,
919 2183 1153 2249 obtrectatores

150 2275 258 2338 autem
281 2273 314 2334 et
336 2269 438 2334 invidi
461 2267 619 2355 Scipionis
642 2269 745 2334 initiis
767 2269 863 2335 factis
886 2293 907 2334 a
924 2269 959 2334 P.
979 2269 1100 2336 Crasso
1124 2275 1154 2336 et

148 2359 256 2445 Appio
280 2357 415 2424 Olaudio
442 2360 554 2423 tenent
580 2357 684 2422 nihilo
712 2357 818 2426 minus
845 2358 913 2422 illis
941 2359 1081 2424 mortuis
1109 2382 1152 2424 se

148 2453 244 2515 natus
276 2447 414 2514 alteram
446 2449 574 2531 partem
604 2443 814 2511 dissidentem
846 2469 867 2511 a
896 2447 990 2513 uobis
1023 2452 1186 2514 auctores

147 2536 281 2602 Metello
305 2539 338 2600 et
354 2534 391 2600 P.
404 2535 511 2600 Mucio
529 2555 633 2618 neque
649 2534 744 2618 hunc,
767 2535 823 2619 qui
840 2555 923 2599 unus
940 2538 1061 2620 potest,
1084 2559 1154 2602 con-

149 2624 258 2690 citatis
290 2623 386 2689 sociis
418 2627 451 2688 et
482 2622 612 2689 nomine
639 2621 770 2708 Latino,
801 2622 984 2688 foederibus
1012 2624 1153 2708 violatis,

148 2739 175 2791 p.
194 2715 260 2794 214]
288 2708 477 2798 triumvilris
504 2710 759 2776 seditiosissimis
787 2710 909 2794 aliquid
937 2711 1057 2777 cotidie
1079 2714 1154 2778 nori

148 2800 369 2884 molientibus,
392 2799 487 2864 bonis
509 2797 588 2864 uiris
613 2798 855 2882 [locupletibus]
879 2800 1081 2884 perturbatis
1103 2801 1153 2865 his

96 2900 129 2948 32
148 2891 218 2951 tam
240 2887 430 2971 periculosis
452 2888 549 2952 rebus
573 2887 743 2952 subvenire
764 2887 942 2970 patiuntur.
983 2887 1089 2964 Quam
1112 2891 1153 2954 ob
1166 2906 1187 2946 ³⁰

148 2995 231 3057 rem,
259 2974 360 3039 sime
385 2975 535 3061 audietis,
564 2973 798 3060 adulescentes,
826 2975 928 3040 solem
952 2977 1092 3042 alterum
1114 3000 1153 3042 nc

149 3061 344 3145 metueritis3
366 3066 423 3126 aut
446 3064 532 3127 enim
553 3064 663 3129 nullus
687 3085 757 3129 esse
779 3068 898 3149 potest,
921 3068 977 3129 aut
1000 3065 1044 3128 sit
1068 3087 1153 3150 sane,

147 3154 186 3214 ut
207 3151 297 3216 visus
321 3153 379 3234 est,
401 3150 497 3216 modo
520 3172 561 3215 nc
584 3152 628 3216 sit
650 3152 817 3235 molestus,
840 3156 897 3217 aut
915 3153 997 3217 scire
1014 3153 1152 3218 istarum

148 3260 256 3304 rerum
279 3238 361 3303 nihil
385 3241 455 3321 aut,
478 3239 607 3304 etiamsi
629 3240 768 3305 maxime
792 3240 941 3326 sciemus,
963 3262 1023 3305 nec
1043 3243 1152 3306 melio·
1224 3283 1225 3326 3

148 3347 199 3390 res
231 3328 272 3392 ob
303 3347 374 3391 eam
401 3326 570 3390 scientiam
596 3349 655 3392 nec
682 3327 842 3394 beatiores
871 3349 941 3394 esse
967 3349 1151 3415 possumus3
1165 3347 1186 3387 ’ὁ
1224 3327 1225 3352 ’

148 3441 175 3492 p.
195 3416 260 3494 aro]
285 3413 442 3501 senaltum
465 3435 541 3480 vero
565 3418 598 3478 et
619 3417 776 3500 populum
794 3421 831 3481 ut
849 3439 949 3482 unum
966 3417 1151 3504 habeamus,
1224 3421 1225 3488 l

149 3504 182 3564 εὴ
204 3500 274 3565 fieri
295 3505 418 3585 potest,
442 3505 475 3568 et
496 3503 730 3586 permolestum
754 3509 817 3589 est,
833 3507 904 3591 ¹nisi
926 3507 978 3592 fit,
1005 3511 1038 3571 et
1061 3529 1151 3574 secus
