2490 3950
159 183 203 246 20
466 180 516 235 DE
534 181 686 235 NATURA
703 181 858 236 DEORUM

158 325 288 390 nionem
311 324 455 409 anquirit
477 326 604 390 animus
627 329 661 391 et
682 325 822 391 formam
845 328 878 390 et
896 325 984 390 vitae
1002 324 1178 390 actionem

108 466 148 529 18
159 413 341 497 mentisque
364 414 578 497 agitationem
600 414 635 478 in
658 415 726 478 deo.

105 545 140 593 46
225 500 274 565 Ac
297 501 336 565 de
357 501 464 567 forma
486 503 616 587 quidem
637 503 758 586 partim
780 505 899 566 natura
919 521 980 566 nos
1004 499 1178 584 admonet,

158 589 280 674 partim
307 589 392 655 ratio
420 590 522 656 docet.
566 589 654 655 Nam
681 613 701 654 a
726 593 846 655 natura
871 589 1028 654 habemus
1053 610 1176 653 omnes

159 677 303 743 omnium
327 677 473 764 gentium
491 679 630 763 speciem
648 679 772 742 nullam
791 678 890 742 aliam
909 677 973 743 nisi
988 677 1176 742 humanam
1206 698 1220 736 s

158 766 304 849 deorum3
335 787 417 849 quae
445 765 530 831 enim
552 764 659 831 forma
681 766 746 830 alia
768 766 907 832 occurrit
928 787 1085 848 umquam
1109 769 1176 830 aut

157 854 310 940 vigilanti
337 853 487 938 cuiquam
513 857 572 919 aut
599 853 792 919 dormienti?
838 852 901 918 Sed
922 875 963 919 ne
985 854 1098 918 omnia
1121 876 1177 919 re-

157 946 312 1007 vocentur
344 942 385 1006 ad
415 943 538 1027 primas
568 942 734 1007 notiones:
767 941 852 1007 ratio
881 941 944 1006 hoe
975 941 1062 1006 idem
1094 942 1177 1026 ipsa

104 1048 138 1096 47
159 1031 310 1096 declarat.
355 1029 442 1095 Nam
469 1053 543 1095 eum
569 1030 897 1116 praestantissumam
918 1033 1087 1113 naturam,
1115 1031 1176 1096 vel

157 1118 234 1202 quia
250 1118 348 1184 beata
365 1122 417 1183 est
434 1119 486 1183 vel
505 1118 581 1202 quia
599 1119 803 1203 sempiterna
826 1117 997 1184 convenire
1015 1118 1175 1184 videatur
1190 1139 1218 1178 ιο
1240 1151 1241 1158 1

156 1207 292 1271 eandem
315 1227 386 1270 esse
408 1206 674 1290 pulcherrimam,
697 1228 779 1291 quae
802 1206 983 1291 conpositio
1006 1208 1174 1272 membro-

155 1316 237 1379 rum,
270 1315 352 1377 quae
384 1292 599 1358 conformatio
626 1294 903 1378 liniamentorum,
936 1317 1018 1379 quae
1049 1296 1174 1381 figura,

157 1403 238 1466 quae
275 1382 398 1467 species
434 1381 577 1447 humana
611 1386 722 1468 potest
753 1403 824 1448 esse
855 1382 1043 1469 pulchrior?
1097 1384 1172 1449 Vos

156 1470 299 1553 quidem,
327 1468 445 1553 Lucili,
474 1470 587 1535 soletis
615 1467 706 1556 (nam
727 1468 828 1536 Ootta
854 1493 947 1536 meus
973 1471 1070 1536 modo
1094 1472 1172 1557 hoe,

156 1558 251 1624 modo
265 1555 370 1642 illud),
389 1580 462 1622 cum
480 1558 653 1623 artificium
672 1557 827 1644 effingitis
845 1558 1067 1644 fabricamque
1087 1561 1172 1626 divi·
1188 1580 1214 1620 15
1240 1571 1241 1574 ’

155 1668 245 1731 nam,
273 1669 371 1731 quam
399 1647 465 1711 sint
492 1647 602 1712 omnia
627 1647 664 1712 in
685 1647 826 1712 hominis
849 1648 957 1733 figura
978 1669 1045 1713 non
1067 1649 1172 1714 modo

156 1734 197 1799 ad
225 1757 333 1819 usum,
363 1757 476 1800 verum
503 1735 603 1800 etiam
630 1735 671 1800 ad
697 1739 903 1801 venustatem
926 1739 1018 1821 apta,
1047 1737 1171 1802 descri-

102 1837 137 1886 48
156 1823 240 1888 bere.
299 1822 421 1898 Quodsi
457 1823 602 1888 omnium
637 1822 852 1889 animantium
885 1822 1028 1888 formam
1062 1826 1171 1891 vincit
1240 1847 1241 1880 1

155 1911 296 1977 hominis
325 1911 445 1996 figura,
478 1911 556 1976 deus
584 1914 692 1976 autem
720 1912 879 1977 animans
895 1917 960 1996 est,
992 1935 1031 1977 ea
1057 1914 1175 1998 figura·
1240 1941 1241 1944 ¹

154 1999 302 2083 profecto
325 2000 385 2081 est,
409 2019 491 2081 quae
512 1998 733 2083 pulcherrima
755 2000 799 2064 sit
816 2000 973 2084 omnium,
997 2002 1170 2084 quoniam·
1185 2023 1211 2060 ao

155 2109 217 2170 que
240 2086 317 2151 deos
340 2086 547 2151 beatissimos
570 2108 640 2151 esse
663 2091 802 2171 constat,
822 2089 939 2153 beatus
962 2091 1072 2153 autem
1093 2112 1170 2155 esse
1240 2143 1241 2154 ,

156 2175 225 2238 sine
248 2173 371 2238 virtute
393 2195 488 2239 nemo
510 2178 623 2259 potest
643 2197 703 2240 nec
725 2176 830 2242 virtus
852 2176 923 2241 sine
945 2177 1072 2242 ratione
1090 2201 1170 2244 con-

4 2307 5 2352 ,
155 2266 242 2327 stare
264 2283 324 2326 nec
345 2262 431 2327 ratio
453 2283 591 2347 usquam
612 2263 718 2328 inesse
740 2264 805 2328 nisi
826 2264 862 2329 in
883 2263 1025 2330 hominis
1047 2267 1168 2351 figura,
1240 2311 1241 2314 =

4 2359 5 2400 ῑ
101 2364 136 2412 49
155 2349 296 2415 hominis
320 2371 395 2415 esse·
414 2350 519 2434 specie
538 2351 615 2415 deos
634 2351 851 2418 confitendum
870 2355 929 2417 est.
965 2352 1034 2418 Nec
1052 2358 1167 2420 tamen

24 2451 26 2454 ’
155 2460 194 2504 ea
221 2438 344 2524 species
371 2459 487 2522 corpus
514 2442 579 2521 est,
610 2439 667 2504 sed
694 2440 788 2523 quasi
814 2461 944 2525 corpus,
975 2463 1035 2506 nec
1062 2441 1167 2508 habet
1182 2462 1208 2502 25
1240 2507 1241 2512 ,

104 2528 144 2592 19
155 2526 359 2612 sanguinem,
390 2527 447 2591 sed
476 2527 570 2610 quasi
597 2528 795 2613 sanguinem.
844 2527 934 2594 Haec
964 2552 1167 2614 quamquam

155 2619 188 2679 et
209 2615 343 2680 inventa
366 2618 442 2680 sunt
464 2615 590 2680 acutius
614 2619 647 2680 et
669 2616 756 2680 dicta
778 2617 931 2682 subtilius
950 2618 992 2682 ab
1011 2618 1165 2705 Epicuro,
1240 2647 1241 2650 ¹

155 2725 253 2787 quam
274 2707 312 2768 ut
336 2703 442 2786 quivis
465 2724 504 2766 ea
525 2703 631 2786 possit
655 2724 838 2789 agnoscere,
860 2709 970 2770 tamen
992 2705 1096 2771 fretus
1116 2708 1166 2772 in·

154 2791 343 2876 tellegentia
370 2795 481 2856 vestra
508 2791 630 2857 dissero
658 2792 801 2876 brevius,
833 2814 932 2877 quam
959 2817 1058 2860 causa
1081 2796 1164 2860 desi-

154 2879 255 2943 derat.
299 2878 459 2962 Epicurus
488 2883 609 2962 autem,
636 2879 692 2963 qui
719 2901 769 2944 res
798 2883 941 2946 occultas
970 2889 1003 2947 et
1029 2882 1164 2967 penitus
1178 2903 1204 2942 ³⁰

154 2965 282 3031 abditas
299 2986 368 3030 non
384 2967 481 3031 modo
499 2967 617 3032 viderit
636 2968 753 3052 animo,
774 2969 948 3035 sedetiam
967 2971 1014 3036 sie
1031 2974 1164 3056 tractet,
1240 2989 1241 2998 ¹

152 3058 191 3119 ut
213 3075 321 3137 manu,
344 3053 437 3118 docet
461 3074 533 3118 eam
554 3075 625 3120 esso
648 3057 715 3120 vim
738 3060 771 3120 et
787 3061 940 3124 naturam
959 3060 1101 3140 deorum,
1124 3065 1165 3126 ut
1240 3099 1241 3128 ;

151 3141 293 3227 primum
314 3163 382 3206 non
404 3163 508 3224 sensu,
531 3143 589 3207 sed
610 3148 718 3209 mente
741 3150 891 3210 cernatur
913 3169 972 3212 nec
995 3148 1164 3215 soliditate
1240 3192 1241 3206 κ

153 3229 292 3313 quadam
322 3251 383 3294 nec
410 3228 452 3294 ad
478 3251 660 3312 nnmerum,
692 3236 729 3296 ut
757 3254 807 3315 ea,
837 3255 919 3318 quae
946 3235 1004 3300 ille
1026 3242 1163 3322 propter

151 3318 342 3402 firmitatem
365 3317 540 3402 στερέμνια
562 3320 721 3404 appellat3
749 3320 806 3385 sed
827 3323 1025 3408 imaginibus
1048 3325 1162 3392 simili·
1177 3345 1204 3385 as

151 3406 262 3472 tudine
294 3410 328 3471 et
359 3407 553 3472 transitione
580 3409 742 3495 perceptis
769 3429 843 3475 cum
869 3410 998 3478 infinita
1025 3412 1162 3479 simillu-
1240 3481 1241 3488 χ

151 3516 278 3559 marum
300 3495 482 3582 imaginum
503 3496 601 3562 series
621 3519 659 3562 ex
677 3497 968 3566 innumerabilibus
985 3500 1161 3569 individuis
1240 3493 1241 3563 J
