2476 3936
138 183 204 240 ΜΒ.
223 185 258 241 ΙΙ.
282 184 359 239 CAP.
378 190 492 243 42-44.
512 191 527 250 ὅ
547 191 662 250 ost-70,
685 185 751 242 LIB.
770 187 818 243 ΙΙΙ.
836 186 973 244 ARGUM.
998 189 1062 254 331

306 437 351 512 Μ.
380 437 540 509 uuuui
568 437 814 514 ciceronis

181 612 294 710 DE
353 613 463 710 RE
522 613 944 772 PUBLIOifl
1057 635 1060 645 ·

375 807 514 868 LIBER
542 809 749 872 TERTIUS.

508 965 613 974 —s—

118 1089 406 1151 Ascuuuuruu
428 1089 651 1152 Acousuuu
674 1085 725 1173 (ue
744 1093 797 1153 cv.
818 1091 916 1154 seru
936 1087 1001 1176 21).

126 1223 213 1280 Cuius
240 1223 413 1294 quaestionis
438 1224 590 1294 explicatio
613 1241 676 1280 cum
697 1224 729 1280 in
751 1224 826 1280 diem
848 1228 1066 1296 consequentem

54 1295 146 1352 dilate
172 1297 260 1363 esset,
285 1294 316 1350 in
340 1295 425 1350 tertio
451 1295 523 1352 libro
551 1311 654 1366 mogus
671 1295 849 1352 conflictione
867 1313 912 1352 ree
929 1299 994 1354 soto
1011 1300 1063 1352 est.

54 1365 189 1436 Suscepit
206 1365 281 1421 enim
298 1365 395 1419 Philus
414 1363 474 1436 ipse
494 1365 713 1438 disputationem
732 1383 840 1438 eorum,
860 1365 910 1438 qui
927 1368 1065 1424 sentirent

54 1437 115 1493 sine
138 1435 280 1492 iniustitia
303 1435 364 1506 geri
386 1453 442 1490 non
460 1452 543 1506 posse
561 1453 621 1490 rem
638 1435 793 1510 publicem,
816 1455 869 1508 pur
890 1455 939 1493 ens
958 1438 1064 1509 proeci-

54 1525 136 1634 lili
145 1507 257 1636 {lubili
269 1506 467 1632 {ciffi
478 1506 975 1649 disicitdissicit?
985 1509 1065 1634 till

54 1667 121 1705 vero
140 1649 273 1704 inutilem
291 1648 351 1703 reri
368 1620 506 1704 sinissibus
524 1647 680 1705 rationibus
698 1649 729 1704 et
741 1649 877 1720 exemplis
891 1619 971 1706 volui
984 1666 1064 1706 conc

55 1722 132 1774 retur
161 1717 317 1775 ostendere.
354 1717 425 1772 Tum
448 1717 559 1774 Laelius
585 1718 751 1788 rogantibus
775 1719 903 1774 omnibus
927 1719 1065 1776 iustitiam

55 1791 208 1846 defendere
226 1789 374 1860 adgressus
393 1790 437 1844 eet
450 1789 632 1858 asseruitque,
651 1791 786 1859 quantum
799 1788 901 1860 potuit,
919 1789 991 1844 nihil
1005 1793 1065 1845 tam

54 1861 203 1917 inimicum
226 1877 311 1942 quem
334 1859 504 1915 iniustitiam
529 1859 652 1927 civitati,
677 1876 730 1915 uec
753 1861 865 1916 omnino
889 1860 944 1916 nisi
962 1875 1066 1931 magns

54 1932 168 1988 iustitia
190 1948 251 2002 geri
273 1932 323 1986 sut
345 1933 419 1986 stete
442 1945 525 2001 posse
548 1945 608 1985 rem
625 1929 776 2000 publicem.
814 1929 874 1995 Qus
892 1931 1064 2000 quaestione,

55 2006 192 2073 quantum
214 2001 283 2058 satis
301 2001 394 2058 visum
412 2003 468 2068 est,
486 2003 659 2072 pertractata
677 2001 724 2056 Sci
743 2001 773 2056 io
792 2001 829 2056 ad
846 2001 1005 2057 intermisse
1022 2019 1065 2058 re·

54 2075 178 2130 uertitur
194 2071 347 2142 recolitque
367 2088 446 2126 susm
457 2074 543 2141 etque
558 2020 862 2128 commendcfbrevem
879 2071 921 2126 rei
933 2072 1064 2144 publicae

55 2144 257 2213 definitionem,
276 2159 332 2214 quc
346 2142 455 2197 dnerct
468 2159 528 2200 eom
543 2159 604 2198 esse
617 2160 677 2197 rem
690 2141 803 2213 populi;
821 2142 956 2215 populum
969 2145 1065 2199 cutem

54 2233 112 2271 non
130 2229 243 2270 omnem
262 2215 371 2280 coetum
389 2212 586 2281 multitudinis,
605 2214 655 2268 sed
674 2215 785 2269 coetum
802 2212 870 2266 iuris
885 2227 1021 2270 consensu
1035 2217 1066 2270 et

55 2284 192 2342 utilitatis
210 2284 404 2340 commuuione
420 2283 557 2340 sociatum
570 2300 631 2339 esse
646 2283 822 2340 determinet.
849 2283 941 2340 Docet
954 2284 1064 2354 deinde,

56 2358 166 2426 quanta
183 2354 221 2409 sit
238 2354 325 2410 indis
346 2355 451 2410 utendo
467 2354 637 2410 definitionis
651 2353 769 2423 utilitas,
788 2355 873 2422 utque
887 2371 921 2409 ex
934 2354 992 2410 illis
1006 2355 1064 2410 suis

56 2425 269 2484 definitionibus
289 2374 400 2496 cofiigit
416 2427 484 2480 tunc
503 2442 563 2480 esse
581 2441 641 2505 rem
658 2423 810 2501 publicem,
829 2423 860 2478 id
877 2425 922 2504 est
938 2441 998 2480 rem
1014 2442 1064 2495 po·

55 2497 131 2570 puli,
156 2514 221 2552 cum
238 2495 308 2550 bene
327 2512 360 2551 sc
377 2495 451 2551 iuste
469 2495 576 2566 geritur
593 2511 653 2550 sive
671 2495 708 2549 ab
725 2510 782 2548 uno
800 2509 866 2564 rege
885 2511 944 2549 eive
962 2511 980 2548 c
997 2511 1065 2564 pau·

56 2570 95 2626 cis
121 2566 307 2639 optimatibus
331 2566 390 2620 sive
414 2566 449 2620 ab
471 2566 601 2621 universo
619 2564 734 2636 populo.
772 2563 842 2618 Cum
859 2580 925 2619 vero
944 2564 1064 2618 iniustus

56 2644 100 2696 est
126 2655 189 2705 rex,
215 2654 297 2707 quem
322 2638 471 2706 tyrenuum
492 2653 568 2692 more
587 2635 693 2690 Graeco
711 2633 881 2706 appellarit,
900 2637 949 2689 sut
966 2634 1065 2690 iniusti

56 2709 220 2782 optimates,
238 2724 354 2778 quorum
369 2723 534 2762 consensum
548 2707 620 2762 dixit
633 2722 694 2764 esse
707 2704 867 2772 factionem,
881 2707 931 2760 cut
943 2704 1065 2762 iniustus

55 2781 119 2852 ipse
138 2780 273 2851 populus,
293 2777 338 2832 cui
355 2794 457 2833 nomen
474 2777 609 2832 usitatum
627 2794 683 2832 non
700 2774 838 2848 repperit,
856 2775 911 2830 nisi
928 2777 961 2830 ut
979 2775 1065 2830 etism

56 2852 151 2922 ipsum
171 2852 320 2918 tyrannum
337 2849 459 2918 vocaret,
477 2864 533 2902 non
551 2847 608 2902 iam
623 2847 763 2913 vitiosam,
782 2846 855 2900 sicut
868 2845 958 2916 pridie
973 2845 1066 2902 fuerat

56 2923 247 2992 disputatum,
271 2919 333 2987 sed,
356 2919 430 2973 siout
446 2918 518 2973 rstio
537 2935 571 2972 ex
588 2917 646 2972 illis
665 2916 874 2972 delinitionibus
893 2933 999 2972 conexa
1016 2918 1065 2973 do·

56 2992 173 3058 cuisset,
192 2990 305 3047 omnino
322 2989 428 3044 nullam
446 3005 507 3044 esse
525 3005 585 3044 rem
602 2987 753 3058 publicem,
771 2987 903 3057 quonism
920 3004 977 3042 non
989 2990 1066 3043 esset

55 3081 102 3119 res
130 3062 243 3188 populi,
269 3077 332 3116 cum
352 3061 486 3128 tyrannus
510 3075 572 3140 cem
593 3057 715 3140 laetiore
740 3059 909 3139 capesseret,
931 3075 985 3115 nec
1002 3057 1065 3128 ipse

55 3129 975 3268 &districtissimiiilttltttiddidsislff
989 3131 1067 3253 {liti

56 3275 181 3348 populus
199 3274 291 3329 lueret
308 3270 447 3328 definitus.
