2458 3934
279 191 347 250 111ss.
365 193 413 249 m.
441 193 517 250 cos.
536 199 649 250 ae-as.
673 199 821 260 ses—sa.
991 196 1055 260 139

72 357 133 419 que,
162 359 234 402 cum
264 336 294 402 ei
323 337 495 424 naviganti
522 341 669 404 vectores
697 338 833 405 adversa
859 342 1055 424 tempestate

71 423 160 490 limidi
181 428 215 490 et
236 424 401 510 perterriti
424 425 565 492 dicerent
586 447 653 492 non
674 426 792 492 iniuria
815 427 879 493 sibi
900 426 984 493 illud
1006 449 1056 493 ac-

70 511 164 591 cidere,
187 512 244 597 qni
264 512 359 577 illum
381 513 418 578 in
437 512 570 580 eandem
587 535 704 579 navem
722 515 927 600 recepissent,
950 519 1056 581 osten-

69 598 107 663 dit
130 601 173 664 eis
195 601 231 666 in
253 601 367 667 eodem
389 623 484 666 eursu
507 603 629 668 multas
651 602 733 667 alias
755 603 937 669 laborantis
961 625 1055 690 quae

49 687 204 773 trivitque,
234 711 313 754 num
345 689 445 755 etiam
475 689 510 756 in
540 690 581 755 iis
610 691 748 756 naribus
774 691 954 778 Diagoram
980 691 1056 758 vehi
1187 748 1190 752 .

67 775 226 841 crederent
271 775 325 842 Sic
351 777 438 843 enim
464 798 516 844 res
545 799 580 843 se
602 778 716 864 habet,
741 783 779 844 ut
802 780 844 845 ad
865 801 1056 866 prosperam

67 863 260 931 adversamve
280 865 458 950 fortunam,
482 867 587 950 qualis
611 867 656 931 sis
675 871 733 933 aut
751 886 847 951 quem
866 866 1056 933 admodum

65 951 175 1036 meris,
192 953 277 1018 nihil
295 953 433 1020 intersit.
469 951 545 1018 Non
563 954 834 1038 animadvertunt,
855 955 971 1039 inquit,
990 977 1055 1021 om·
1074 971 1109 1020 90
1215 975 1216 982 ¹

64 1039 108 1104 nia
133 1040 178 1124 di,
206 1061 249 1106 ne
278 1062 372 1127 reges
402 1041 540 1126 quidem.
587 1041 671 1118 Quid
700 1047 751 1108 est
780 1042 908 1108 simile?
949 1042 1055 1128 Reges

39 1141 56 1179 1⁰
65 1128 136 1194 enim
157 1129 187 1194 si
209 1129 349 1196 seientes
370 1131 651 1216 praetermittunt,
673 1152 795 1217 magna
815 1131 911 1215 culpa
934 1133 998 1214 est3
1021 1134 1056 1196 at
1066 1137 1108 1202 38

65 1215 177 1282 deone
211 1217 377 1282 excusatio
400 1218 530 1303 quidem
552 1223 604 1283 est
624 1219 824 1285 inscientiae.
868 1218 970 1295 Quem
997 1240 1074 1284 vos

64 1305 213 1386 praeclare
234 1304 415 1390 defenditis,
432 1328 506 1372 cum
524 1306 631 1372 dicitis
649 1329 722 1372 eam
739 1308 807 1373 vim
825 1308 959 1373 deorum
977 1329 1056 1390 esse,

63 1393 103 1474 ut,
128 1393 260 1460 etiamsi
287 1393 359 1479 quis
386 1397 491 1459 morte
513 1415 635 1479 poenas
659 1396 789 1461 sceleris
812 1394 975 1482 effugerit,
1005 1417 1056 1460 ex·

63 1483 201 1561 petantur
226 1502 283 1547 eae
302 1503 426 1567 poenae
444 1505 464 1548 a
482 1482 603 1568 liberis,
626 1505 646 1548 a
663 1484 846 1569 nepotibus,
869 1506 888 1548 a
905 1483 1056 1569 posteris.

38 1565 84 1630 ι50
106 1569 222 1635 miram
250 1570 447 1655 aequitatem
475 1570 621 1636 deorum!
664 1569 818 1636 Ferretne
845 1571 960 1636 civitas
987 1571 1057 1635 ulla

64 1653 186 1723 latorem
209 1657 308 1724 istius
331 1657 420 1724 modi
437 1659 530 1745 legis,
552 1663 590 1723 ut
608 1657 876 1724 condemnaretur
892 1653 980 1722 filius
999 1661 1056 1725 aut

62 1763 157 1830 nepos,
181 1746 211 1812 si
233 1750 330 1830 pater
352 1750 409 1812 aut
431 1767 512 1812 avus
535 1745 747 1830 deliquisset?

116 1865 276 1942 Quinam
298 1868 593 1935 Tantalidarum
615 1866 879 1936 internecioni
897 1867 1030 1934 modus

114 1953 302 2022 Paretur?
330 1961 395 2022 aut
418 1979 604 2043 quaenam
626 1961 803 2042 umquam
826 1958 875 2064 oh
896 1960 1057 2059 mortem

36 2140 53 2180 ²⁰
115 2130 261 2198 Poenis
284 2125 436 2199 luendis
461 2133 616 2199 dabitur
639 2134 762 2200 satias
785 2045 977 2220 sdwphrlidlil?

62 2268 168 2340 Utrum
199 2277 319 2360 poetae
344 2271 471 2340 Stoicos
501 2273 722 2360 depravarint,
755 2297 797 2340 an
824 2273 925 2342 Stoici
951 2275 1057 2359 poetis
1076 2288 1107 2337 91

63 2358 196 2430 dederint
230 2361 473 2448 auctoritatem,
503 2384 570 2428 non
599 2363 695 2430 facile
725 2363 875 2447 dixerim3
905 2366 1059 2447 portenta

63 2449 136 2516 erim
163 2452 206 2517 ab
235 2449 381 2534 utrisque
407 2454 442 2515 et
468 2450 595 2536 flagitia
622 2450 781 2516 dicuntur.
826 2449 940 2534 Neque
963 2449 1058 2534 enim,

63 2556 145 2618 quem
157 2538 377 2624 Hipponactis
393 2538 522 2604 iambus
540 2539 689 2622 laeserat,
707 2542 765 2603 aut
783 2539 839 2623 qui
857 2540 927 2602 erat
944 2534 1059 2612 Archi·

37 2633 54 2675 ²⁵
63 2622 138 2692 lechi
158 2648 258 2694 versu
278 2627 476 2711 volneratus,
499 2649 519 2692 a
541 2626 600 2691 deo
622 2627 794 2691 inmissum
817 2625 971 2708 dolorem,
992 2645 1060 2689 non

64 2719 243 2802 conceptum
271 2736 292 2779 a
317 2736 352 2781 se
378 2715 451 2800 ipso
478 2713 679 2799 continebat,
704 2735 778 2798 nec,
806 2735 879 2780 oum
905 2711 1059 2798 Aegisthi

64 2798 221 2870 libidinem
244 2807 302 2868 aut
323 2825 397 2869 cum
414 2801 541 2868 Paridis
563 2802 719 2886 videmus,
741 2824 762 2866 a
784 2801 844 2867 deo
862 2821 993 2867 causam
1011 2823 1059 2866 re·

64 2889 221 2976 quirimus,
243 2913 317 2956 cum
338 2891 452 2976 culpae
470 2912 572 2976 paene
589 2902 702 2955 vocem
721 2889 898 2974 audiamus,
919 2911 978 2956 nec
997 2910 1058 2976 ego

64 2979 231 3046 multorum
258 3000 429 3066 aegrorum
457 2979 596 3044 salutem
622 2999 689 3043 non
716 2979 757 3043 ab
780 2977 980 3065 Hippocrate
1003 3000 1059 3063 po-

37 3063 118 3130 utus
140 3089 240 3153 quam
263 3068 305 3132 ab
328 3065 523 3152 Aesculapio
547 3067 657 3132 datam
678 3066 799 3152 iudico,
822 3089 880 3132 nec
901 3066 1059 3134 Lacedae

63 3155 234 3222 moniorum
271 3155 475 3241 disciplinam
507 3155 612 3220 dicam
643 3177 798 3243 umquam
830 3156 872 3221 ab
903 3152 1058 3238 Apolline

63 3243 159 3322 potins
177 3241 315 3329 Spartae
339 3265 437 3327 quam
460 3241 640 3328 aLycurgo
660 3243 779 3309 datam.
815 3241 990 3323 Critolaus,
1012 3239 1058 3303 in·

64 3347 158 3416 quam,
177 3332 295 3398 evertit
310 3330 512 3414 Corinthum,
528 3330 768 3417 Karthaginem
785 3327 981 3394 Hasdrubal.
1012 3325 1059 3390 Hi

65 3413 116 3483 duo
133 3421 210 3487 illos
229 3421 338 3486 oculos
357 3441 433 3486 orae
450 3419 643 3484 maritumae
661 3419 937 3500 effoderunt‚·non
954 3415 1057 3480 iratus

37 3503 163 3592 estqui,
181 3530 277 3594 quem
292 3508 422 3573 omnino
436 3507 533 3572 irasci
546 3527 642 3590 posse
655 3505 794 3590 negatis,
806 3504 894 3610 deus.
923 3500 970 3566 At
983 3503 1058 3566 sub·
1076 3513 1110 3561 92
1213 3475 1216 3552 l
