2476 3936
170 181 236 248 274
528 176 577 232 nn
595 176 643 231 an
661 173 817 232 poemen

170 317 268 410 longe
288 323 369 390 duco
389 321 549 408 sapientia
566 320 639 406 ipsa
657 341 727 384 esse
741 319 994 404 anteponendos.
1019 318 1062 386 Et
1075 341 1170 403 quon·

86 431 91 440 ·
170 413 238 479 iam
265 410 403 477 maxime
430 409 575 494 rapimur
603 408 644 474 ad
671 429 749 494 opes
777 407 942 493 augendas
971 407 1096 494 generis
1118 407 1171 471 hu·

171 499 260 567 mani
283 499 513 582 studemusque
534 497 656 563 nostris
680 495 822 562 consiliis
843 498 877 560 et
894 495 1060 562 laboribus
1078 495 1171 561 tutio·

171 609 241 654 rem
268 591 301 652 et
328 586 566 673 opulentiorem
592 585 695 651 vitam
721 584 891 650 hominum
916 583 1049 650 reddere
1076 588 1110 650 et
1136 584 1172 648 ad

171 704 199 756 p.
219 678 283 758 lae]
311 675 395 741 hanc
415 675 420 760 Ι
439 675 643 760 voluptatem
668 673 770 758 ipsius
796 676 934 738 naturae
962 673 1104 738 stimulis
1129 672 1171 736 in·
1192 687 1202 727 ὁ

172 764 318 848 citamur,
335 767 502 830 teneamus
521 783 595 828 enm
614 783 751 845 cursum,
770 761 826 844 qui
844 782 972 846 semper
985 761 1049 827 fuit
1061 760 1172 846 optimi

172 853 334 938 cuiusque,
355 873 459 936 neque
483 872 520 915 ea
543 849 638 936 signa
661 848 837 933 audiamus,
861 870 943 933 quae
966 849 1111 935 receptui
1129 871 1172 914 ca·

171 945 263 1024 nunt,
285 944 323 1006 ut
345 960 400 1006 eos
424 939 522 1004 etiam
544 940 705 1022 revocent,
728 936 784 1020 qui
805 937 872 1001 iam
894 938 1122 1022 processerint.

133 1001 155 1129 Ξ
238 1028 300 1096 His
326 1027 508 1094 rationibus
536 1029 605 1091 tam
632 1024 729 1090 certis
752 1028 885 1108 tamque
907 1024 1104 1091 inlustribus
1126 1047 1172 1109 op

171 1120 336 1203 ponuntur
359 1115 473 1200 abiis,
501 1115 557 1199 qui
580 1117 694 1179 contra
716 1113 898 1198 disputant,
925 1113 1071 1198 primum
1093 1114 1200 1178 labo-1⁰

172 1227 237 1289 res,
267 1205 323 1288 qui
351 1203 418 1270 sint
444 1224 479 1268 re
505 1201 637 1287 'publica
664 1200 861 1266 defendenda
883 1201 1081 1287 sustinendi,
1110 1202 1172 1266 leve

173 1314 250 1360 sane
276 1290 532 1376 inpedimentum
559 1289 710 1376 vigilanti
738 1293 772 1354 et
798 1288 974 1374 industrio,
1001 1311 1109 1376 neque
1130 1311 1171 1354 sc

171 1409 198 1461 p.
218 1383 265 1461 91]
284 1380 352 1446 lum
373 1377 377 1465 l
396 1379 431 1443 in
452 1378 555 1444 tantis
578 1378 683 1461 rebus,
706 1376 764 1442 sed
785 1377 884 1442 etiam
906 1379 941 1442 in
963 1379 1172 1446 mediocribus

172 1468 224 1535 vel
252 1467 367 1534 studiis
396 1467 448 1534 vel
478 1461 593 1533 officiis
623 1467 675 1531 vel
706 1487 782 1531 vero
810 1467 909 1532 etiam
936 1468 1082 1554 negotiis
1109 1489 1171 1533 con-

172 1556 388 1624 temnendum.
419 1553 484 1620 Adi
596 1558 650 1620 tur
667 1553 812 1639 pericula
830 1554 927 1640 vitae,
945 1557 1119 1642 turpisque
1136 1555 1199 1620 aba

171 1646 224 1712 his
241 1644 381 1712 formido
395 1576 669 1709 nauffinna
684 1641 762 1708 viris
777 1642 962 1727 opponitur,
980 1645 1101 1731 quibus
1115 1666 1171 1708 na·

173 1735 223 1820 gis
242 1734 276 1798 id
295 1733 449 1800 miserum
462 1731 563 1797 videri
577 1731 669 1814 solet,
682 1735 801 1795 natura
815 1751 850 1795 se
864 1731 1011 1795 consumi
1026 1735 1061 1797 et
1076 1753 1171 1798 senec·

172 1825 252 1907 tute,
266 1843 364 1906 quam
378 1820 441 1886 sibi
455 1819 526 1886 dari
539 1822 677 1904 tempus,
690 1822 728 1882 ut
740 1819 869 1904 possint
882 1841 955 1884 eam
969 1819 1085 1905 vitani,
1100 1839 1170 1904 quas

172 1915 283 1977 tamen
305 1912 391 1974 esset
412 1907 574 1973 reddenda
594 1910 739 1991 naturae,
762 1928 821 1990 pro
844 1907 954 1991 patria
971 1909 1170 1994 potissimum

172 1997 312 2064 reddere.
335 1983 424 2060 ‘1110
460 2016 538 2063 vero
575 2016 609 2060 se
644 1996 716 2061 loeo
752 1995 901 2080 copiosos
938 1999 972 2060 et
1004 1997 1141 2062 disertos
1165 1991 1199 2080 μῦ

172 2114 199 2166 p.
219 2088 267 2166 aa]
290 2087 418 2169 putant,
440 2105 513 2148 cum
536 2083 739 2148 calamitates
762 2082 1017 2149 clarissimorum
1036 2084 1170 2151 virorum

172 2173 374 2256 iniuriasque
392 2170 433 2235 iis
457 2171 498 2236 ab
521 2171 660 2256 ingratis
683 2171 843 2256 inpositas
867 2171 991 2238 civibus
1011 2174 1171 2260 colligunt.

139 2260 258 2328 tHino
280 2260 365 2325 enim
387 2259 446 2324 illa
472 2263 504 2324 et
527 2259 613 2345 apud
636 2259 776 2325 Graecos
799 2260 960 2346 exempla,
987 2261 1170 2342 Miltiaden,

172 2349 327 2415 victorem
346 2347 601 2433 domitoremque
615 2347 796 2431 Persarum,
814 2349 958 2414 nondum
975 2350 1102 2416 sanatis
1113 2349 1170 2414 vol-

172 2438 303 2506 neribus
325 2437 376 2523 iis,
398 2458 481 2522 quae
504 2457 638 2521 corpore
661 2436 795 2502 adverso
818 2437 853 2500 in
875 2437 1060 2504 clarissima
1082 2438 1197 2505 victo2⁵

172 2527 222 2592 ria
254 2526 444 2610 accepisset,
475 2525 578 2591 vitam
610 2546 648 2589 ex
677 2525 822 2590 hostium
851 2525 926 2591 telis
955 2525 1170 2592 servatamin

173 2615 291 2684 civium
305 2614 419 2680 vinclis
433 2613 624 2698 profudisse,
638 2616 671 2676 et
683 2611 935 2680 Themistoclem
971 2614 1067 2701 atria,
1083 2634 1169 2701 quan

173 2731 201 2783 p.
220 2706 267 2784 va]
295 2701 512 2785 liberavisset,
539 2701 669 2787 pulsum
692 2705 790 2786 atque
811 2637 1033 2789 proterriitum
1056 2701 1169 2770 nonin

174 2789 327 2856 Graeciae
349 2793 463 2876 portus
486 2811 544 2876 per
567 2811 601 2854 se
624 2793 784 2874 servatos,
807 2789 864 2854 sed
884 2790 921 2855 in
943 2791 1114 2857 barbariae
1134 2787 1169 2853 si·

172 2899 233 2944 nus
266 2877 462 2964 confugisse,
495 2899 593 2964 quam
624 2877 806 2962 adflixerat3
837 2899 896 2944 nec
925 2901 1002 2944 vero
1031 2877 1196 2946 levitatis⁸⁰

172 2964 420 3032 Atheniensium
444 2966 707 3051 crudelitatisque
729 2966 765 3030 in
787 2966 1005 3052 amplissimos
1029 2969 1107 3034 civis
1124 2987 1167 3030 cx·

173 3053 281 3138 empla
308 3052 471 3138 deficiunt,
499 3076 581 3138 quae
608 3058 688 3120 nata
710 3058 743 3119 et
765 3053 971 3140 frequentata
994 3056 1079 3142 apud
1099 3055 1165 3120 illos

173 3142 272 3208 etiam
307 3140 343 3208 in
378 3141 614 3230 gravissumam
652 3142 817 3209 civitatem
848 3148 996 3209 nostram
1028 3144 1165 3210 dicuntur

138 3244 154 3293 6
172 3228 380 3315 redundasse3
402 3251 479 3296 nam
497 3231 549 3296 vel
568 3231 700 3296 exilium
718 3229 849 3298 Camilli
866 3233 919 3297 vel
939 3233 1073 3299 offensio
1091 3249 1163 3297 com·

173 3322 370 3384 memoratur
397 3317 523 3385 Ahalae
554 3319 607 3385 vel
638 3318 759 3384 invidia
785 3318 924 3386 Nasicae
950 3321 1003 3386 vel
1030 3316 1192 3406 expulsio³⁵

171 3433 198 3484 p.
220 3408 266 3486 74]
289 3405 441 3472 Laenatis
465 3407 516 3472 vel
532 3405 651 3491 Opimii
671 3407 676 3490 Ι
697 3406 861 3474 damnatio
883 3408 936 3473 vel
958 3408 1038 3496 tuga
1050 3402 1161 3474 Metelli

172 3492 225 3556 vcl
252 3493 461 3560 acerbissima
487 3491 522 3560 Ο.
542 3493 638 3558 Marii
665 3495 772 3562 clades
798 3496 1038 3582 principumque
1062 3494 1161 3563 caedes
