2478 3936
171 179 215 244 52
478 173 870 230 nsssmmnuoeon

169 322 317 404 nuntiae,
338 326 411 386 tum
433 321 503 386 sole
525 319 704 406 geminato,
727 317 823 402 qnod,
844 321 882 383 ut
904 339 922 382 e
943 321 1038 402 patre
1064 319 1202 404 audivi,

171 411 334 476 Tuditano
356 414 391 474 et
412 409 545 494 Aquilio
568 408 755 473 consulibus
778 411 939 491 evenerat,
962 428 1026 491 quo
1052 407 1202 491 quidem

172 521 258 564 anno
279 498 315 564 P.
337 498 511 562 Africanus
534 497 585 562 sol
607 497 692 560 alter
715 495 875 560 extinctus
898 498 961 577 est,
989 495 1116 578 quibus
1146 519 1204 562 ex-

172 586 281 651 territi
305 587 455 650 homines
482 585 550 650 vim
573 584 736 668 quandam
758 605 828 648 esse
850 583 1024 648 caelestem
1047 587 1084 647 ct
1111 585 1204 651 divi-

121 692 155 744 15
172 697 250 740 nam
267 674 425 760 suspicati
442 677 532 756 sunt3
554 677 707 757 quartam
724 694 855 738 oausam
872 693 952 754 esse,
975 693 1120 755 eamque
1143 676 1203 739 vel
1227 693 1238 732 5

172 763 357 846 maximam,
371 762 639 846 aequabilitatem
650 765 760 826 motus
773 760 1081 842 conversionumque
1095 764 1203 846 caeli,

174 852 267 935 solis,
289 851 386 916 lunae
408 850 612 933 siderumque
635 849 780 914 omnium
802 848 1059 932 distinctionem,
1082 852 1204 916 varie

172 944 285 1024 tatem,
298 938 581 1024 pulchritudinem,
595 938 750 1021 ordinem,
764 959 901 1022 quarum
912 958 1021 1002 rerum
1033 944 1203 1022 aspectus

172 1029 243 1113 ipse
266 1028 348 1093 satis
369 1026 529 1091 indicaret
548 1047 615 1091 non
637 1046 709 1090 esse
731 1047 770 1092 aa
790 1024 936 1090 fortuita
978 1023 1035 1107 Ut,
1059 1025 1092 1089 si
1120 1030 1203 1111 quis

173 1117 209 1180 in
235 1117 367 1181 domum
393 1115 538 1198 aliquam
564 1114 683 1179 autin
710 1113 915 1199 gymnasium
937 1116 995 1178 aut
1017 1113 1053 1176 in
1076 1113 1202 1180 forum
1216 1135 1237 1173 10

173 1204 309 1284 venerit,
330 1225 404 1267 eum
425 1201 534 1267 videat
557 1202 701 1267 omnium
721 1223 830 1266 rerum
847 1201 1019 1284 rationem,
1042 1204 1203 1289 modum,

174 1291 392 1374 disciplinam,
422 1310 489 1354 non
515 1291 622 1374 possit
648 1311 687 1354 ea
713 1290 783 1354 sine
810 1311 908 1356 causa
935 1289 1007 1353 fieri
1032 1289 1203 1377 iudicare,

175 1379 231 1443 sed
253 1399 324 1442 esse
346 1378 488 1461 aliquem
509 1378 696 1463 intellegat,
718 1378 775 1462 qui
795 1378 919 1462 praesit
942 1381 975 1441 et
998 1377 1051 1442 oui
1075 1401 1202 1463 parea-

173 1470 237 1549 tur,
259 1466 365 1531 multo
387 1464 493 1550 magis
515 1466 552 1529 in
568 1466 670 1530 tantis
688 1466 887 1530 motionibus
905 1465 1075 1550 tantisque
1094 1469 1202 1534 vicis·

176 1553 380 1637 situdinibus,
401 1557 471 1618 tam
494 1554 672 1618 multarum
693 1576 802 1618 rerum
819 1558 922 1637 'atque
944 1557 1118 1621 tantarum
1148 1579 1226 1622 or-1

175 1642 319 1727 dinibus,
346 1643 383 1706 in
408 1641 525 1727 quibus
547 1642 631 1706 nihil
653 1664 809 1725 umquam
831 1642 978 1706 inmensa
1001 1646 1035 1706 et
1057 1643 1202 1710 infinita

175 1735 322 1797 vetustos
354 1731 493 1796 mentita
519 1730 577 1814 sit,
609 1733 737 1794 statuat
764 1751 893 1795 necesse
923 1733 974 1794 est
1004 1729 1045 1794 ab
1076 1732 1201 1817 aliqua

176 1823 285 1885 mente
311 1822 423 1884 tantos
448 1822 586 1883 naturae
613 1821 722 1884 motus
750 1818 931 1903 gubernari
982 1816 1200 1906 Chrysippus

176 1907 321 1992 quidem,
351 1927 547 1989 quamquam
576 1910 628 1970 cst
656 1907 812 1972 acerrimo
839 1906 984 1992 ingenio,
1012 1909 1131 1972 tamen
1159 1933 1201 1975 ea

176 1994 267 2078 dicit,
289 1996 327 2059 ut
349 1994 391 2083 ab
415 1994 489 2078 ipsa
509 1998 628 2058 natura
650 1994 812 2077 didicisse,
834 2016 900 2058 non
922 1999 959 2059 ot
980 1994 1051 2078 ipse
1075 2017 1201 2082 reppe
1216 2017 1238 2056 ac

174 2082 256 2146 risse
282 2081 439 2146 videatur.
484 2079 539 2146 ‘si
567 2081 693 2164 enim’,
720 2082 839 2165 inquit,
857 2081 945 2145 .‘est
972 2083 1129 2166 aliquid
1156 2087 1200 2150 in

175 2190 302 2233 rerum
323 2172 475 2252 natura,
499 2170 598 2254 quod
620 2170 788 2234 hominis
807 2191 923 2253 mens,
948 2171 1048 2254 quod
1066 2174 1199 2257 ratio,

176 2256 276 2340 quod
304 2257 376 2340 vis,
405 2257 506 2341 quod
531 2261 709 2342 potestas
737 2257 1089 2331 humanaefficere
1113 2282 1199 2326 non

175 2344 315 2430 possit,
338 2347 396 2409 est
419 2349 523 2410 certe
545 2345 595 2429 id,
619 2346 718 2430 quod
740 2345 841 2410 illud
863 2346 1007 2430 efficit,
1030 2346 1199 2414 homine

174 2434 327 2516 melius,
349 2432 458 2517 atqui
475 2454 536 2497 res
555 2434 747 2498 caelestes
767 2456 972 2518 omnesque
990 2455 1068 2517 eae,
1094 2456 1196 2518 qua·
1214 2457 1238 2498 a

174 2543 257 2585 rum
284 2524 342 2586 est
369 2520 461 2586 ordo
489 2522 763 2606 sempiternus,
791 2523 840 2586 ab
863 2522 1016 2587 homine
1039 2524 1198 2590 confici

174 2631 249 2674 non
279 2613 456 2694 possunt3
488 2613 546 2673 est
575 2609 698 2694 igitur
728 2609 781 2693 id,
812 2631 834 2674 o
862 2631 932 2694 quo
960 2610 1035 2674 illa
1062 2613 1197 2677 confi-

175 2697 343 2780 ciuntur,
365 2696 519 2762 homine
542 2697 691 2762 melius.
726 2695 770 2761 Id
792 2701 920 2763 autem
944 2698 1034 2782 quid
1051 2701 1196 2784 potius

176 2783 319 2848 dixeris
350 2806 460 2869 quam
490 2784 618 2849 deum?
663 2784 817 2850 Etenim
848 2786 881 2849 si
910 2785 948 2849 di
974 2807 1052 2850 non
1080 2795 1195 2873 sunt,

176 2869 265 2953 quid
294 2891 377 2936 esse
403 2875 535 2956 potest
557 2873 595 2936 in
617 2893 744 2938 rerum
766 2877 910 2938 natura
931 2874 1087 2938 homine
1112 2899 1196 2942 me·
1214 2897 1237 2936 a

176 2957 273 3022 lius?
303 2957 341 3020 in
369 2980 411 3023 eo
439 2959 538 3024 enim
561 2961 646 3025 solo
670 2966 728 3025 est
750 2962 870 3045 ratio,
900 2984 974 3045 qua
996 2962 1099 3026 nihil
1123 2989 1197 3048 po-

175 3047 254 3110 test
278 3065 361 3108 esse
383 3049 664 3129 praestantius.
709 3048 806 3114 Esse
830 3053 957 3114 autem
979 3049 1197 3137 hominem,

176 3132 240 3218 qui
269 3131 369 3196 nihil
396 3133 560 3212 inomni
582 3136 718 3201 mundo
742 3137 879 3201 melius
904 3159 1124 3221 essequam
1153 3163 1198 3205 se

124 1870 158 1920 lo

174 3223 300 3306 putet,
336 3219 565 3304 desipientis
599 3223 853 3310 adrogantiae
890 3229 962 3309 est3
1002 3247 1094 3310 ergo
1130 3234 1198 3293 cst

124 3319 155 3370 ιτ
176 3306 324 3392 aliquid
352 3308 504 3392 melius,
531 3313 590 3373 est
617 3311 742 3396 igitur
769 3311 946 3397 profecto
970 3313 1084 3377 deus?
1134 3316 1198 3382 An
1215 3335 1237 3376 s

174 3417 266 3480 vere,
297 3395 326 3462 si
353 3396 484 3462 domum
511 3417 664 3481 magnam
691 3400 924 3484 pulchramque
951 3400 1086 3485 videris,
1120 3423 1199 3469 non

175 3481 281 3569 possis
305 3483 428 3569 adduci,
450 3486 496 3567 ut,
519 3484 649 3548 etiamsi
672 3486 838 3552 dominum
860 3510 925 3553 non
943 3488 1063 3571 videas,
1087 3493 1199 3556 muri-
