2452 3938
169 165 234 232 256
592 161 753 220 asuero

167 312 232 392 ret,
260 307 445 374 obstructas
473 327 526 372 cas
553 308 664 390 partes
691 308 726 370 et
748 305 918 370 obturatas
941 325 1011 369 esse
1033 303 1171 388 dicebat3

169 395 293 463 addidit
320 395 418 460 etiam
446 393 670 476 mulierosum
696 390 732 458 in
754 415 818 476 quo
841 391 1026 458 Alcibiades
1048 392 1172 458 caelim-

117 497 147 546 11
168 506 247 552 nurn
271 483 388 550 dicitur
410 481 589 549 sustulisse.
628 478 691 546 Sed
712 479 793 547 hacc
816 502 857 546 cx
877 481 1081 546 naturalibus
1104 503 1172 547 cau·

169 572 214 640 sis
244 571 325 638 vitia
353 569 444 636 nasci
470 572 621 654 possunt,
650 568 806 654 extirpari
832 571 942 634 autem
971 572 1004 634 et
1029 568 1172 634 fonditus

168 660 252 744 tolli,
274 663 311 724 ut
333 659 363 723 is
385 658 469 743 ipse,
492 657 547 742 qui
570 657 612 722 ad
634 679 673 723 ca
694 677 873 742 propensus
896 655 1010 740 fucrit,
1032 679 1053 722 a
1074 657 1172 722 tantis
1193 677 1202 717 s

169 748 258 814 vitiis
292 751 458 831 avocetur,
488 766 555 812 non
586 748 638 810 est
667 745 701 811 id
732 745 876 830 positum
907 745 942 810 in
971 745 1173 810 naturalibus

170 836 289 919 cacan,
313 835 427 902 sedin
448 833 626 916 voluntate,
650 831 767 916 studio,
790 832 969 918 disciplina
1006 831 1097 908 Quae
1118 832 1174 898 tol·

170 925 282 990 luntur
313 923 436 1007 omnia,
467 921 496 986 si
527 921 577 988 vis
604 924 638 986 et
664 923 783 988 natura
810 919 873 986 fati
900 941 940 986 ex
968 919 1173 987 divinationis

170 1012 298 1080 ratione
319 1010 512 1078 firmabitur.

130 1101 152 1166 6
236 1099 368 1167 Eltcnim
396 1099 423 1164 si
451 1101 501 1164 est
524 1095 696 1181 divinatio,
722 1095 952 1180 qualibusnam
973 1118 995 1161 a
1016 1098 1173 1182 perceptis
1183 1116 1202 1156 a

172 1187 251 1253 artis
275 1185 511 1271 proficiscitur?
537 1183 735 1270 (percepta
757 1185 901 1269 appello,
924 1205 1008 1268 quae
1031 1185 1175 1252 dicuntur

172 1274 294 1340 Graece
321 1270 546 1360 θεωρήματα).
586 1270 663 1338 Non
686 1272 771 1338 enim
794 1272 888 1338 uado
910 1273 1003 1338 nullo
1026 1277 1173 1359 percepto

80 1425 84 1432 .
171 1366 228 1428 aut
255 1365 379 1427 ceteros
408 1361 547 1426 artifices
575 1360 700 1426 versari
721 1359 756 1424 in
780 1381 838 1426 suo
861 1381 1008 1443 munere,
1036 1366 1097 1427 aut
1118 1381 1175 1443 sos,

120 1465 152 1512 12
173 1451 228 1538 qui
251 1450 449 1516 divinatione
466 1451 611 1532 utantur,
633 1447 744 1514 fictura
761 1447 955 1533 praedicere.
987 1447 1064 1514 Sint
1082 1450 1174 1536 igitur

172 1540 414 1626 astrologorum
448 1539 603 1622 percepta
635 1535 731 1604 huus
763 1535 865 1602 modi:
901 1533 952 1602 ‘si
985 1537 1059 1621 quis
1092 1536 1202 1603 verbis

171 1651 269 1696 causa
292 1627 415 1694 oriente
437 1623 593 1692 Canicula
614 1627 710 1690 natus
735 1627 794 1708 est,
816 1624 844 1690 is
867 1625 903 1690 in
924 1625 1008 1690 mari
1030 1648 1101 1692 non
1117 1647 1173 1691 mo

171 1715 294 1784 rietur?
334 1715 459 1802 Vigila,
487 1712 682 1798 Chrysippo,
708 1733 749 1778 ne
772 1716 865 1778 tuam
887 1733 1034 1798 causam,
1062 1715 1099 1779 in
1120 1735 1174 1798 quo

172 1805 234 1871 tibi
257 1826 330 1872 cum
352 1803 511 1886 Diodoro,
539 1801 669 1868 valente
692 1799 874 1885 dialectico,
901 1821 1021 1886 magna
1045 1801 1172 1868 luctatio

173 1897 232 1976 est,
250 1892 387 1958 deseras.
425 1889 460 1956 Si
482 1889 568 1956 enim
591 1892 643 1954 est
663 1910 785 1973 verum,
803 1888 895 1973 -quod
917 1889 965 1954 ita
986 1891 1172 1957 conectitur:

173 1979 225 2046 ‘Si
247 1979 319 2062 quis
342 1978 466 2045 oriente
485 1975 640 2044 Canicula
660 1980 758 2042 natus
782 1981 841 2060 est,
863 1977 899 2042 in
920 1977 1005 2042 mari
1027 2000 1097 2044 non
1116 1992 1201 2043 mon

173 2065 296 2150 rietur',
328 2065 410 2132 illud
439 2086 566 2148 quoquc
593 2087 706 2132 verum
735 2068 798 2130 est:
830 2061 882 2130 ‘si
908 2063 1029 2130 Fabius
1060 2067 1173 2132 oriente
1211 2119 1212 2124 ,

173 2154 327 2220 Canicula
358 2155 455 2218 natus
488 2155 551 2236 est,
582 2149 702 2218 Fabius
734 2153 770 2217 in
800 2152 884 2218 mari
909 2174 977 2218 non
1004 2151 1173 2220 morietur?

172 2241 325 2328 Pugnant
343 2240 445 2327 igitur
463 2239 544 2305 haec
561 2239 647 2306 inter
665 2263 708 2325 se,
730 2239 868 2306 Fabium
887 2241 1012 2306 oriente
1027 2241 1173 2310 Canicula

171 2333 288 2398 natum
310 2350 389 2413 esse,
412 2331 445 2393 et
467 2327 605 2394 Fabium
626 2329 661 2393 in
683 2329 766 2394 mari
789 2329 998 2414 moriturum
1026 2335 1062 2396 ct
1085 2351 1173 2416 quon·

172 2420 239 2486 iarn
267 2423 391 2484 certum
416 2417 452 2482 in
478 2415 580 2482 Fabio
608 2416 753 2501 ponitur,
780 2419 895 2482 natum
923 2439 994 2483 esse
1022 2441 1099 2486 eum
1124 2416 1211 2482 Cre-¹⁵*

172 2507 282 2574 nicula
304 2506 436 2590 oriente,
456 2505 537 2572 hacc
560 2526 687 2589 quoque
708 2507 866 2590 pugnant,
890 2508 929 2570 et'
945 2527 1017 2572 esse
1035 2506 1172 2586 Fabium,

173 2600 207 2661 et
233 2596 268 2660 in
295 2594 378 2661 mari
406 2615 476 2660 csse
498 2592 702 2658 moriturum.
741 2592 831 2678 Ergo
854 2591 934 2659 haec
958 2616 1089 2680 quoque
1110 2614 1172 2660 con·
1209 2657 1210 2660 ,

173 2683 294 2749 iunctio
323 2687 374 2748 cst
401 2703 440 2747 ex
466 2681 737 2766 repugnantibus:
769 2680 830 2746 ‘Et
858 2685 908 2747 est
929 2680 1067 2769 Fabius,
1094 2680 1173 2748 etin

174 2772 257 2836 mari
278 2769 399 2837 Fabius
426 2768 604 2854 morietur',
631 2769 730 2853 quod,
756 2772 794 2834 ut
820 2770 1027 2854 propositum
1051 2775 1114 2855 est,
1138 2788 1171 2836 ne

174 2859 245 2922 fieri
265 2858 394 2941 quidem
412 2862 530 2942 potest.
562 2857 651 2943 Ergo
667 2857 761 2923 illud:
785 2856 954 2923 ‘Morietur
972 2859 1008 2924 in
1026 2860 1110 2926 mari
1121 2856 1198 2922 Fae

174 2943 259 3009 bius'
284 2967 323 3008 ex
345 2967 383 3010 eo
407 2966 524 3031 genere
547 2951 610 3030 est,
633 2945 719 3029 quod
741 2945 812 3010 fieri
833 2967 901 3011 non
922 2950 1043 3032 potest.
1079 2947 1171 3013 Omne
1208 2957 1209 2984 ³

138 3053 264 3144 7argo,
288 3031 516 3116 quodfalsum
539 3034 656 3100 dicitur
678 3033 714 3099 in
734 3032 855 3117 futuro,
877 3033 911 3098 id
933 3035 1005 3101 fieri
1027 3057 1094 3100 non
1109 3035 1171 3120 pot

124 3159 157 3207 13
177 3125 236 3187 est.
276 3119 322 3184 At
344 3119 420 3204 hoc,
444 3119 635 3205 Chrysippo,
659 3121 791 3186 minim
813 3121 877 3206 vis,
900 3123 1102 3208 maximeque
1118 3117 1171 3186 tibi

177 3209 215 3274 de
238 3208 300 3274 hoc
322 3208 394 3292 ipso
418 3228 490 3272 curn
512 3207 656 3274 Diodoro
679 3213 844 3275 certamen
866 3213 925 3276 est.
960 3209 1023 3276 Ille
1045 3211 1128 3276 anim
1143 3204 1170 3272 id

176 3296 283 3363 solum
305 3295 376 3362 ficri
398 3316 494 3380 posse
517 3295 607 3380 dicit,
631 3298 717 3381 quod
740 3299 796 3363 aut
820 3297 865 3362 sit
887 3321 1001 3365 verum
1019 3304 1076 3366 aut
1096 3298 1199 3363 futu-³⁵

176 3405 249 3448 rum
272 3383 316 3447 sit
337 3403 459 3465 verum,
482 3385 524 3466 et,
548 3384 698 3469 quicquid
720 3385 866 3451 futurum
889 3387 942 3471 sit,
964 3387 997 3452 id
1017 3387 1093 3454 dicit
1109 3379 1169 3450 ficri

176 3491 305 3534 necesse
333 3490 403 3534 ease
430 3473 479 3553 et,
507 3469 657 3555 quicquid
683 3495 750 3541 non
772 3473 816 3538 sit
837 3472 998 3560 futurum,
1027 3476 1061 3542 id
1081 3471 1169 3559 nogat

38 3811 197 3888 -
