<?xml version="1.0" encoding="UTF-8"?>
<!DOCTYPE html PUBLIC "-//W3C//DTD XHTML 1.0 Transitional//EN"
    "http://www.w3.org/TR/xhtml1/DTD/xhtml1-transitional.dtd">
<html xmlns="http://www.w3.org/1999/xhtml" xml:lang="en" lang="en">
 <head>
  <title>
</title>
<meta http-equiv="Content-Type" content="text/html;charset=utf-8" />
  <meta name='ocr-system' content='tesseract 3.04.00' />
  <meta name='ocr-capabilities' content='ocr_page ocr_carea ocr_par ocr_line ocrx_word'/>
</head>
<body>
  <div class='ocr_page' id='page_1' title='image "./mtulliiciceroni03mlgoog_0409.png"; bbox 0 0 2476 3936; ppageno 0'>
   <div class='ocr_carea' id='block_1_1' title="bbox 181 164 830 238">
    <p class='ocr_par' dir='ltr' id='par_1_1' title="bbox 181 164 830 238">
     <span class='ocr_line' id='line_1_1' title="bbox 181 164 830 238; baseline -0.008 -13"><span class='ocrx_word' id='word_1_1' title='bbox 181 173 245 238; x_wconf 81' lang='lat'>358</span> <span class='ocrx_word' id='word_1_2' title='bbox 540 167 589 222; x_wconf 82' lang='lat' dir='ltr'>DE</span> <span class='ocrx_word' id='word_1_3' title='bbox 607 167 655 222; x_wconf 79' lang='lat' dir='ltr'>Rs</span> <span class='ocrx_word' id='word_1_4' title='bbox 674 164 830 222; x_wconf 79' lang='lat' dir='ltr'><strong>PUBLIGA</strong></span> 
     </span>
    </p>
   </div>
   <div class='ocr_carea' id='block_1_2' title="bbox 180 311 1202 844">
    <p class='ocr_par' dir='ltr' id='par_1_2' title="bbox 181 311 1178 488">
     <span class='ocr_line' id='line_1_2' title="bbox 248 311 1178 400; baseline -0.005 -18"><span class='ocrx_word' id='word_1_5' title='bbox 248 317 349 400; x_wconf 78' lang='lat' dir='ltr'>Nepet</span> <span class='ocrx_word' id='word_1_6' title='bbox 370 314 487 398; x_wconf 78' lang='lat' dir='ltr'>Cicero,</span> <span class='ocrx_word' id='word_1_7' title='bbox 515 314 545 379; x_wconf 86' lang='lat' dir='ltr'>si</span> <span class='ocrx_word' id='word_1_8' title='bbox 566 313 735 396; x_wconf 70' lang='lat' dir='ltr'><strong><em>duplicetur</em></strong></span> <span class='ocrx_word' id='word_1_9' title='bbox 756 312 816 377; x_wconf 80' lang='lat' dir='ltr'>sibi</span> <span class='ocrx_word' id='word_1_10' title='bbox 836 317 935 390; x_wconf 83' lang='lat' dir='ltr'>oetas,</span> <span class='ocrx_word' id='word_1_11' title='bbox 957 311 1130 378; x_wconf 72' lang='lat' dir='ltr'>mmaimn</span> <span class='ocrx_word' id='word_1_12' title='bbox 1149 331 1178 377; x_wconf 87' lang='lat' dir='ltr'>se</span> 
     </span>
     <span class='ocr_line' id='line_1_3' title="bbox 181 400 997 488; baseline -0.009 -16"><span class='ocrx_word' id='word_1_13' title='bbox 181 413 385 488; x_wconf 66' lang='lat' dir='ltr'>dampnando</span> <span class='ocrx_word' id='word_1_14' title='bbox 408 404 489 486; x_wconf 77' lang='lat' dir='ltr'>tepat</span> <span class='ocrx_word' id='word_1_15' title='bbox 509 403 624 484; x_wconf 78' lang='lat' dir='ltr'>lmicos.</span> <span class='ocrx_word' id='word_1_16' title='bbox 661 400 790 485; x_wconf 81' lang='lat' dir='ltr'>(Seneca</span> <span class='ocrx_word' id='word_1_17' title='bbox 811 421 856 482; x_wconf 88' lang='lat' dir='ltr'>ep.</span> <span class='ocrx_word' id='word_1_18' title='bbox 878 405 930 466; x_wconf 81' lang='lat'>49.</span> <span class='ocrx_word' id='word_1_19' title='bbox 952 400 997 484; x_wconf 83' lang='lat'>5.)</span> 
     </span>
    </p>

    <p class='ocr_par' dir='ltr' id='par_1_3' title="bbox 180 487 1202 844">
     <span class='ocr_line' id='line_1_4' title="bbox 247 487 1178 574; baseline -0.009 -15"><span class='ocrx_word' id='word_1_20' title='bbox 247 494 335 560; x_wconf 72' lang='lat' dir='ltr'>Sicca</span> <span class='ocrx_word' id='word_1_21' title='bbox 360 493 446 574; x_wconf 84' lang='lat' dir='ltr'>opnd</span> <span class='ocrx_word' id='word_1_22' title='bbox 466 490 638 556; x_wconf 71' lang='lat' dir='ltr'><em>Ciceronem</em></span> <span class='ocrx_word' id='word_1_23' title='bbox 661 488 764 572; x_wconf 75' lang='lat' dir='ltr'>Scipio</span> <span class='ocrx_word' id='word_1_24' title='bbox 791 490 943 570; x_wconf 80' lang='lat' dir='ltr'>toqnitnn:</span> <span class='ocrx_word' id='word_1_25' title='bbox 973 487 1054 555; x_wconf 86' lang='lat' dir='ltr'>Oum</span> <span class='ocrx_word' id='word_1_26' title='bbox 1081 491 1178 554; x_wconf 85' lang='lat' dir='ltr'>artem</span> 
     </span>
     <span class='ocr_line' id='line_1_5' title="bbox 180 578 1180 663; baseline -0.008 -15"><span class='ocrx_word' id='word_1_27' title='bbox 180 583 338 648; x_wconf 83' lang='lat' dir='ltr'>ludicram</span> <span class='ocrx_word' id='word_1_28' title='bbox 356 601 568 663; x_wconf 79' lang='lat' dir='ltr'>scaenamque</span> <span class='ocrx_word' id='word_1_29' title='bbox 585 582 692 643; x_wconf 90' lang='lat' dir='ltr'>totam</span> <span class='ocrx_word' id='word_1_30' title='bbox 709 579 745 642; x_wconf 91' lang='lat' dir='ltr'>in</span> <span class='ocrx_word' id='word_1_31' title='bbox 761 578 883 663; x_wconf 88' lang='lat' dir='ltr'>probro</span> <span class='ocrx_word' id='word_1_32' title='bbox 902 578 1062 660; x_wconf 72' lang='lat' dir='ltr'>ducerent,</span> <span class='ocrx_word' id='word_1_33' title='bbox 1084 597 1180 662; x_wconf 85' lang='lat' dir='ltr'>genus</span> 
     </span>
     <span class='ocr_line' id='line_1_6' title="bbox 180 665 1202 750; baseline -0.007 -14"><span class='ocrx_word' id='word_1_34' title='bbox 180 671 214 736; x_wconf 93' lang='lat' dir='ltr'>id</span> <span class='ocrx_word' id='word_1_35' title='bbox 236 670 404 735; x_wconf 89' lang='lat' dir='ltr'>hominum</span> <span class='ocrx_word' id='word_1_36' title='bbox 425 690 492 733; x_wconf 92' lang='lat' dir='ltr'>non</span> <span class='ocrx_word' id='word_1_37' title='bbox 514 667 610 732; x_wconf 89' lang='lat' dir='ltr'>modo</span> <span class='ocrx_word' id='word_1_38' title='bbox 633 667 755 732; x_wconf 87' lang='lat' dir='ltr'>honore</span> <span class='ocrx_word' id='word_1_39' title='bbox 778 665 897 732; x_wconf 83' lang='lat' dir='ltr'>civium</span> <span class='ocrx_word' id='word_1_40' title='bbox 920 667 1118 750; x_wconf 88' lang='lat' dir='ltr'>reliquorum</span> <span class='ocrx_word' id='word_1_41' title='bbox 1136 682 1202 729; x_wconf 70' lang='lat' dir='ltr'>cas</span> 
     </span>
     <span class='ocr_line' id='line_1_7' title="bbox 180 755 1182 844; baseline -0.006 -20"><span class='ocrx_word' id='word_1_42' title='bbox 180 782 265 844; x_wconf 85' lang='lat' dir='ltr'>rere,</span> <span class='ocrx_word' id='word_1_43' title='bbox 296 759 351 823; x_wconf 89' lang='lat' dir='ltr'>sed</span> <span class='ocrx_word' id='word_1_44' title='bbox 382 757 481 822; x_wconf 87' lang='lat' dir='ltr'>etiam</span> <span class='ocrx_word' id='word_1_45' title='bbox 508 755 598 821; x_wconf 89' lang='lat' dir='ltr'>tribu</span> <span class='ocrx_word' id='word_1_46' title='bbox 625 755 749 820; x_wconf 89' lang='lat' dir='ltr'>moveri</span> <span class='ocrx_word' id='word_1_47' title='bbox 774 755 944 820; x_wconf 87' lang='lat' dir='ltr'>notatione</span> <span class='ocrx_word' id='word_1_48' title='bbox 966 755 1112 820; x_wconf 88' lang='lat' dir='ltr'>censoria</span> <span class='ocrx_word' id='word_1_49' title='bbox 1132 775 1182 818; x_wconf 82' lang='lat' dir='ltr'>vo</span> 
     </span>
    </p>
   </div>
   <div class='ocr_carea' id='block_1_3' title="bbox 130 467 172 591">
    <p class='ocr_par' dir='ltr' id='par_1_4' title="bbox 130 467 172 591">
     <span class='ocr_line' id='line_1_8' title="bbox 130 467 172 530; baseline 0.048 -2"><span class='ocrx_word' id='word_1_50' title='bbox 130 467 172 530; x_wconf 91' lang='lat'>10</span> 
     </span>
     <span class='ocr_line' id='line_1_9' title="bbox 130 545 163 591; baseline 0.03 -1"><span class='ocrx_word' id='word_1_51' title='bbox 130 545 163 591; x_wconf 88' lang='lat'>10</span> 
     </span>
    </p>
   </div>
   <div class='ocr_carea' id='block_1_4' title="bbox 63 842 1212 3579">
    <p class='ocr_par' dir='ltr' id='par_1_5' title="bbox 181 842 1113 930">
     <span class='ocr_line' id='line_1_10' title="bbox 181 842 1113 930; baseline -0.004 -17"><span class='ocrx_word' id='word_1_52' title='bbox 181 849 311 913; x_wconf 87' lang='lat' dir='ltr'>luerunt</span> <span class='ocrx_word' id='word_1_53' title='bbox 332 846 510 930; x_wconf 85' lang='lat' dir='ltr'>(Romani).</span> <span class='ocrx_word' id='word_1_54' title='bbox 546 844 756 929; x_wconf 81' lang='lat' dir='ltr'>(Anpnsiinns</span> <span class='ocrx_word' id='word_1_55' title='bbox 777 846 814 908; x_wconf 91' lang='lat' dir='ltr'>dc</span> <span class='ocrx_word' id='word_1_56' title='bbox 835 845 890 910; x_wconf 86' lang='lat' dir='ltr'>cio.</span> <span class='ocrx_word' id='word_1_57' title='bbox 912 845 961 908; x_wconf 88' lang='lat' dir='ltr'>dei</span> <span class='ocrx_word' id='word_1_58' title='bbox 983 842 1030 908; x_wconf 85' lang='lat'>11</span> <span class='ocrx_word' id='word_1_59' title='bbox 1047 842 1113 926; x_wconf 85' lang='lat'><strong><em>13.)</em></strong></span> 
     </span>
    </p>

    <p class='ocr_par' dir='ltr' id='par_1_6' title="bbox 130 931 1212 1202">
     <span class='ocr_line' id='line_1_11' title="bbox 130 931 1182 1017; baseline -0.006 -15"><span class='ocrx_word' id='word_1_60' title='bbox 130 953 162 1002; x_wconf 92' lang='lat'>11</span> <span class='ocrx_word' id='word_1_61' title='bbox 250 937 332 1017; x_wconf 79' lang='lat' dir='ltr'>Quid</span> <span class='ocrx_word' id='word_1_62' title='bbox 360 940 462 1001; x_wconf 71' lang='lat' dir='ltr'>camon</span> <span class='ocrx_word' id='word_1_63' title='bbox 492 934 564 1000; x_wconf 82' lang='lat' dir='ltr'>tino</span> <span class='ocrx_word' id='word_1_64' title='bbox 592 935 743 998; x_wconf 88' lang='lat' dir='ltr'>senserint</span> <span class='ocrx_word' id='word_1_65' title='bbox 768 932 907 996; x_wconf 84' lang='lat' dir='ltr'>Romani</span> <span class='ocrx_word' id='word_1_66' title='bbox 932 937 1054 1010; x_wconf 84' lang='lat' dir='ltr'>ueteres,</span> <span class='ocrx_word' id='word_1_67' title='bbox 1086 931 1182 997; x_wconf 77' lang='lat' dir='ltr'>(licem</span> 
     </span>
     <span class='ocr_line' id='line_1_12' title="bbox 182 1019 1182 1105; baseline -0.006 -13"><span class='ocrx_word' id='word_1_68' title='bbox 182 1031 309 1092; x_wconf 83' lang='lat' dir='ltr'>testator</span> <span class='ocrx_word' id='word_1_69' title='bbox 330 1026 366 1089; x_wconf 90' lang='lat' dir='ltr'>in</span> <span class='ocrx_word' id='word_1_70' title='bbox 389 1025 485 1100; x_wconf 83' lang='lat' dir='ltr'>tibris,</span> <span class='ocrx_word' id='word_1_71' title='bbox 508 1043 582 1105; x_wconf 78' lang='lat' dir='ltr'>qnos</span> <span class='ocrx_word' id='word_1_72' title='bbox 604 1023 640 1086; x_wconf 93' lang='lat' dir='ltr'>de</span> <span class='ocrx_word' id='word_1_73' title='bbox 661 1042 695 1086; x_wconf 84' lang='lat' dir='ltr'>ne</span> <span class='ocrx_word' id='word_1_74' title='bbox 710 1021 837 1103; x_wconf 83' lang='lat' dir='ltr'>pnbtico</span> <span class='ocrx_word' id='word_1_75' title='bbox 858 1021 988 1102; x_wconf 87' lang='lat' dir='ltr'>scripsit,</span> <span class='ocrx_word' id='word_1_76' title='bbox 1010 1021 1065 1086; x_wconf 86' lang='lat' dir='ltr'>nbi</span> <span class='ocrx_word' id='word_1_77' title='bbox 1086 1019 1182 1104; x_wconf 74' lang='lat' dir='ltr'>Sam</span> 
     </span>
     <span class='ocr_line' id='line_1_13' title="bbox 181 1109 1212 1202; baseline -0.009 -21"><span class='ocrx_word' id='word_1_78' title='bbox 181 1117 343 1202; x_wconf 67' lang='lat' dir='ltr'>dispmtans</span> <span class='ocrx_word' id='word_1_79' title='bbox 369 1113 431 1177; x_wconf 85' lang='lat' dir='ltr'>ait:</span> <span class='ocrx_word' id='word_1_80' title='bbox 462 1110 659 1194; x_wconf 88' lang='lat' dir='ltr'>Numquam·</span> <span class='ocrx_word' id='word_1_81' title='bbox 678 1109 876 1192; x_wconf 86' lang='lat' dir='ltr'>comoediae,</span> <span class='ocrx_word' id='word_1_82' title='bbox 903 1109 967 1173; x_wconf 91' lang='lat' dir='ltr'>nisi</span> <span class='ocrx_word' id='word_1_83' title='bbox 989 1109 1181 1174; x_wconf 88' lang='lat' dir='ltr'>consuetudo</span> <span class='ocrx_word' id='word_1_84' title='bbox 1193 1126 1212 1165; x_wconf 79' lang='lat'>1⁰</span> 
     </span>
    </p>

    <p class='ocr_par' dir='ltr' id='par_1_7' title="bbox 63 1193 1182 1371">
     <span class='ocr_line' id='line_1_14' title="bbox 63 1193 1182 1288; baseline -0.006 -21"><span class='ocrx_word' id='word_1_85' title='bbox 63 1193 66 1199; x_wconf 60' lang='grc'><strong>’</strong></span> <span class='ocrx_word' id='word_1_86' title='bbox 181 1203 268 1268; x_wconf 86' lang='grc'><strong>11111</strong></span> <span class='ocrx_word' id='word_1_87' title='bbox 284 1203 460 1288; x_wconf 85' lang='lat' dir='ltr'>pateretur,</span> <span class='ocrx_word' id='word_1_88' title='bbox 477 1201 616 1286; x_wconf 88' lang='lat' dir='ltr'>probare</span> <span class='ocrx_word' id='word_1_89' title='bbox 630 1220 689 1263; x_wconf 92' lang='lat' dir='ltr'>sua</span> <span class='ocrx_word' id='word_1_90' title='bbox 704 1198 842 1264; x_wconf 77' lang='lat' dir='ltr'>theatris</span> <span class='ocrx_word' id='word_1_91' title='bbox 856 1197 984 1284; x_wconf 84' lang='lat' dir='ltr'>flagitia</span> <span class='ocrx_word' id='word_1_92' title='bbox 996 1198 1182 1283; x_wconf 88' lang='lat' dir='ltr'>potuissent.</span> 
     </span>
     <span class='ocr_line' id='line_1_15' title="bbox 180 1288 1182 1371; baseline -0.006 -13"><span class='ocrx_word' id='word_1_93' title='bbox 180 1291 227 1358; x_wconf 85' lang='lat' dir='ltr'>Et</span> <span class='ocrx_word' id='word_1_94' title='bbox 256 1291 369 1356; x_wconf 80' lang='lat' dir='ltr'>Gracci</span> <span class='ocrx_word' id='word_1_95' title='bbox 399 1290 521 1371; x_wconf 79' lang='lat' dir='ltr'>qnidam</span> <span class='ocrx_word' id='word_1_96' title='bbox 552 1289 743 1370; x_wconf 75' lang='lat' dir='ltr'>anti&#39;qniores</span> <span class='ocrx_word' id='word_1_97' title='bbox 772 1288 898 1352; x_wconf 69' lang='lat' dir='ltr'>vitiosae</span> <span class='ocrx_word' id='word_1_98' title='bbox 928 1308 1004 1352; x_wconf 78' lang='lat' dir='ltr'>ame</span> <span class='ocrx_word' id='word_1_99' title='bbox 1036 1288 1182 1370; x_wconf 72' lang='lat' dir='ltr'><em>opinionis</em></span> 
     </span>
    </p>

    <p class='ocr_par' dir='ltr' id='par_1_8' title="bbox 137 1376 1211 2082">
     <span class='ocr_line' id='line_1_16' title="bbox 137 1376 1181 1460; baseline -0.002 -18"><span class='ocrx_word' id='word_1_100' title='bbox 137 1423 139 1428; x_wconf 88' lang='lat'>-</span> <span class='ocrx_word' id='word_1_101' title='bbox 180 1381 339 1460; x_wconf 77' lang='lat' dir='ltr'>pacandam</span> <span class='ocrx_word' id='word_1_102' title='bbox 355 1379 595 1442; x_wconf 81' lang='lat' dir='ltr'>convenientiam</span> <span class='ocrx_word' id='word_1_103' title='bbox 611 1380 815 1454; x_wconf 69' lang='lat' dir='ltr'>amoveant,</span> <span class='ocrx_word' id='word_1_104' title='bbox 833 1377 919 1458; x_wconf 80' lang='lat' dir='ltr'>apiid</span> <span class='ocrx_word' id='word_1_105' title='bbox 934 1396 1010 1460; x_wconf 77' lang='lat' dir='ltr'>qnos</span> <span class='ocrx_word' id='word_1_106' title='bbox 1020 1376 1087 1458; x_wconf 86' lang='lat' dir='ltr'>fnit</span> <span class='ocrx_word' id='word_1_107' title='bbox 1098 1377 1181 1441; x_wconf 84' lang='lat' dir='ltr'>dian</span> 
     </span>
     <span class='ocr_line' id='line_1_17' title="bbox 181 1465 1180 1550; baseline -0.005 -18"><span class='ocrx_word' id='word_1_108' title='bbox 181 1468 242 1550; x_wconf 84' lang='lat' dir='ltr'>tepc</span> <span class='ocrx_word' id='word_1_109' title='bbox 263 1485 445 1544; x_wconf 81' lang='lat' dir='ltr'>concessam,</span> <span class='ocrx_word' id='word_1_110' title='bbox 472 1471 522 1550; x_wconf 89' lang='lat' dir='ltr'>nt,</span> <span class='ocrx_word' id='word_1_111' title='bbox 548 1466 630 1547; x_wconf 78' lang='lat' dir='ltr'>qnod</span> <span class='ocrx_word' id='word_1_112' title='bbox 649 1466 747 1548; x_wconf 84' lang='lat' dir='ltr'>veltet,</span> <span class='ocrx_word' id='word_1_113' title='bbox 770 1466 934 1548; x_wconf 82' lang='lat' dir='ltr'>comoedia,</span> <span class='ocrx_word' id='word_1_114' title='bbox 957 1465 994 1530; x_wconf 89' lang='lat' dir='ltr'>de</span> <span class='ocrx_word' id='word_1_115' title='bbox 1012 1485 1073 1548; x_wconf 80' lang='lat' dir='ltr'>qno</span> <span class='ocrx_word' id='word_1_116' title='bbox 1095 1465 1180 1542; x_wconf 79' lang='grc'><strong>111111,</strong></span> 
     </span>
     <span class='ocr_line' id='line_1_18' title="bbox 179 1553 1209 1636; baseline -0.005 -14"><span class='ocrx_word' id='word_1_117' title='bbox 179 1557 365 1623; x_wconf 83' lang='lat' dir='ltr'>nominatim</span> <span class='ocrx_word' id='word_1_118' title='bbox 387 1555 503 1620; x_wconf 75' lang='lat' dir='ltr'>diremi.</span> <span class='ocrx_word' id='word_1_119' title='bbox 539 1554 661 1635; x_wconf 79' lang='lat' dir='ltr'>Itaque,</span> <span class='ocrx_word' id='word_1_120' title='bbox 691 1555 771 1618; x_wconf 81' lang='lat' dir='ltr'>sind</span> <span class='ocrx_word' id='word_1_121' title='bbox 791 1554 826 1618; x_wconf 92' lang='lat' dir='ltr'>in</span> <span class='ocrx_word' id='word_1_122' title='bbox 848 1554 959 1618; x_wconf 87' lang='lat' dir='ltr'>eisdem</span> <span class='ocrx_word' id='word_1_123' title='bbox 982 1553 1071 1620; x_wconf 75' lang='lat' dir='ltr'>libris</span> <span class='ocrx_word' id='word_1_124' title='bbox 1094 1554 1209 1636; x_wconf 74' lang='lat' dir='ltr'>toqui-1⁵</span> 
     </span>
     <span class='ocr_line' id='line_1_19' title="bbox 181 1640 1179 1728; baseline -0.005 -18"><span class='ocrx_word' id='word_1_125' title='bbox 181 1649 233 1710; x_wconf 84' lang='lat' dir='ltr'>tnr</span> <span class='ocrx_word' id='word_1_126' title='bbox 254 1646 435 1728; x_wconf 70' lang='lat' dir='ltr'>Africanus,</span> <span class='ocrx_word' id='word_1_127' title='bbox 458 1665 554 1727; x_wconf 87' lang='lat' dir='ltr'>quem</span> <span class='ocrx_word' id='word_1_128' title='bbox 575 1643 634 1707; x_wconf 89' lang='lat' dir='ltr'>illa</span> <span class='ocrx_word' id='word_1_129' title='bbox 656 1664 723 1707; x_wconf 90' lang='lat' dir='ltr'>non</span> <span class='ocrx_word' id='word_1_130' title='bbox 746 1640 864 1728; x_wconf 84' lang='lat' dir='ltr'>adtigit</span> <span class='ocrx_word' id='word_1_131' title='bbox 886 1642 938 1707; x_wconf 90' lang='grc'>111</span> <span class='ocrx_word' id='word_1_132' title='bbox 959 1642 1072 1727; x_wconf 90' lang='lat' dir='ltr'>potius</span> <span class='ocrx_word' id='word_1_133' title='bbox 1094 1663 1179 1726; x_wconf 88' lang='lat' dir='ltr'>quem</span> 
     </span>
     <span class='ocr_line' id='line_1_20' title="bbox 179 1729 1178 1817; baseline -0.003 -20"><span class='ocrx_word' id='word_1_134' title='bbox 179 1755 247 1798; x_wconf 90' lang='lat' dir='ltr'>non</span> <span class='ocrx_word' id='word_1_135' title='bbox 269 1732 420 1798; x_wconf 80' lang='lat' dir='ltr'>vexavit?</span> <span class='ocrx_word' id='word_1_136' title='bbox 448 1732 499 1797; x_wconf 92' lang='lat' dir='ltr'>cui</span> <span class='ocrx_word' id='word_1_137' title='bbox 521 1729 687 1817; x_wconf 79' lang='lat' dir='ltr'>pepercit?</span> <span class='ocrx_word' id='word_1_138' title='bbox 724 1730 819 1814; x_wconf 83' lang='lat' dir='ltr'>Esto,</span> <span class='ocrx_word' id='word_1_139' title='bbox 842 1731 1017 1816; x_wconf 78' lang='lat' dir='ltr'>populares</span> <span class='ocrx_word' id='word_1_140' title='bbox 1040 1731 1178 1796; x_wconf 88' lang='lat' dir='ltr'>homines</span> 
     </span>
     <span class='ocr_line' id='line_1_21' title="bbox 180 1817 1178 1906; baseline -0.002 -21"><span class='ocrx_word' id='word_1_141' title='bbox 180 1821 345 1906; x_wconf 87' lang='lat' dir='ltr'>inprobos,</span> <span class='ocrx_word' id='word_1_142' title='bbox 367 1821 402 1886; x_wconf 88' lang='lat' dir='ltr'>in</span> <span class='ocrx_word' id='word_1_143' title='bbox 419 1843 454 1884; x_wconf 93' lang='grc'>11</span> <span class='ocrx_word' id='word_1_144' title='bbox 472 1820 603 1905; x_wconf 90' lang='lat' dir='ltr'>publica</span> <span class='ocrx_word' id='word_1_145' title='bbox 622 1819 802 1902; x_wconf 88' lang='lat' dir='ltr'>seditiosos,</span> <span class='ocrx_word' id='word_1_146' title='bbox 824 1817 988 1904; x_wconf 78' lang='lat' dir='ltr'>Cleonem,</span> <span class='ocrx_word' id='word_1_147' title='bbox 1007 1817 1178 1905; x_wconf 81' lang='lat' dir='ltr'>Cleophan-</span> 
     </span>
     <span class='ocr_line' id='line_1_22' title="bbox 180 1906 1177 1995; baseline 0 -23"><span class='ocrx_word' id='word_1_148' title='bbox 180 1911 262 1994; x_wconf 85' lang='lat' dir='ltr'>tem,</span> <span class='ocrx_word' id='word_1_149' title='bbox 289 1909 512 1995; x_wconf 86' lang='lat' dir='ltr'>Hyperbolum</span> <span class='ocrx_word' id='word_1_150' title='bbox 540 1908 644 1973; x_wconf 89' lang='lat' dir='ltr'>laesit.</span> <span class='ocrx_word' id='word_1_151' title='bbox 684 1906 864 1991; x_wconf 88' lang='lat' dir='ltr'>Patiamur,</span> <span class='ocrx_word' id='word_1_152' title='bbox 891 1910 1005 1991; x_wconf 69' lang='lat' dir='ltr'>inanit,</span> <span class='ocrx_word' id='word_1_153' title='bbox 1034 1909 1098 1974; x_wconf 87' lang='lat' dir='ltr'>etsi</span> <span class='ocrx_word' id='word_1_154' title='bbox 1119 1908 1177 1974; x_wconf 88' lang='lat' dir='ltr'>eius</span> 
     </span>
     <span class='ocr_line' id='line_1_23' title="bbox 179 1995 1211 2082; baseline -0.002 -20"><span class='ocrx_word' id='word_1_155' title='bbox 179 1998 270 2062; x_wconf 90' lang='lat' dir='ltr'>modi</span> <span class='ocrx_word' id='word_1_156' title='bbox 292 1998 377 2063; x_wconf 89' lang='lat' dir='ltr'>cives</span> <span class='ocrx_word' id='word_1_157' title='bbox 401 2019 421 2062; x_wconf 96' lang='lat' dir='ltr'>a</span> <span class='ocrx_word' id='word_1_158' title='bbox 439 2018 570 2062; x_wconf 86' lang='lat' dir='ltr'>censore</span> <span class='ocrx_word' id='word_1_159' title='bbox 591 1995 707 2061; x_wconf 89' lang='lat' dir='ltr'>melius</span> <span class='ocrx_word' id='word_1_160' title='bbox 727 1999 776 2060; x_wconf 92' lang='lat' dir='ltr'>est</span> <span class='ocrx_word' id='word_1_161' title='bbox 794 2019 892 2080; x_wconf 88' lang='lat' dir='ltr'>quam</span> <span class='ocrx_word' id='word_1_162' title='bbox 911 2019 931 2061; x_wconf 89' lang='lat' dir='ltr'>a</span> <span class='ocrx_word' id='word_1_163' title='bbox 948 1996 1048 2082; x_wconf 72' lang='lat' dir='ltr'>poita</span> <span class='ocrx_word' id='word_1_164' title='bbox 1066 1997 1211 2079; x_wconf 79' lang='lat' dir='ltr'>notari3n</span> 
     </span>
    </p>

    <p class='ocr_par' dir='ltr' id='par_1_9' title="bbox 65 2084 1208 2523">
     <span class='ocr_line' id='line_1_24' title="bbox 65 2084 1179 2168; baseline 0.001 -19"><span class='ocrx_word' id='word_1_165' title='bbox 65 2161 67 2164; x_wconf 17' lang='lat'>¹</span> <span class='ocrx_word' id='word_1_166' title='bbox 181 2086 237 2150; x_wconf 89' lang='lat' dir='ltr'>sed</span> <span class='ocrx_word' id='word_1_167' title='bbox 260 2084 418 2168; x_wconf 86' lang='lat' dir='ltr'>Periclen,</span> <span class='ocrx_word' id='word_1_168' title='bbox 448 2107 521 2150; x_wconf 92' lang='lat' dir='ltr'>cum</span> <span class='ocrx_word' id='word_1_169' title='bbox 547 2085 613 2150; x_wconf 90' lang='lat' dir='ltr'>iam</span> <span class='ocrx_word' id='word_1_170' title='bbox 637 2106 713 2150; x_wconf 89' lang='lat' dir='ltr'>suae</span> <span class='ocrx_word' id='word_1_171' title='bbox 737 2085 862 2150; x_wconf 85' lang='lat' dir='ltr'>civitati</span> <span class='ocrx_word' id='word_1_172' title='bbox 885 2085 1028 2150; x_wconf 85' lang='lat' dir='ltr'>maxima</span> <span class='ocrx_word' id='word_1_173' title='bbox 1051 2085 1179 2152; x_wconf 88' lang='lat' dir='ltr'>auctori·</span> 
     </span>
     <span class='ocr_line' id='line_1_25' title="bbox 180 2171 1179 2259; baseline 0.004 -23"><span class='ocrx_word' id='word_1_174' title='bbox 180 2175 250 2237; x_wconf 90' lang='lat' dir='ltr'>tate</span> <span class='ocrx_word' id='word_1_175' title='bbox 273 2173 430 2258; x_wconf 85' lang='lat' dir='ltr'>plurimos</span> <span class='ocrx_word' id='word_1_176' title='bbox 455 2195 556 2238; x_wconf 88' lang='lat' dir='ltr'>annos</span> <span class='ocrx_word' id='word_1_177' title='bbox 580 2172 667 2238; x_wconf 88' lang='lat' dir='ltr'>domi</span> <span class='ocrx_word' id='word_1_178' title='bbox 690 2176 723 2237; x_wconf 91' lang='lat' dir='ltr'>et</span> <span class='ocrx_word' id='word_1_179' title='bbox 745 2173 824 2238; x_wconf 91' lang='lat' dir='ltr'>belli</span> <span class='ocrx_word' id='word_1_180' title='bbox 841 2171 1048 2259; x_wconf 75' lang='lat' dir='ltr'>praefuisset,</span> <span class='ocrx_word' id='word_1_181' title='bbox 1070 2173 1179 2240; x_wconf 87' lang='grc'><strong>1101111</strong></span> 
     </span>
     <span class='ocr_line' id='line_1_26' title="bbox 178 2261 1179 2348; baseline 0.003 -23"><span class='ocrx_word' id='word_1_182' title='bbox 178 2261 336 2345; x_wconf 81' lang='lat' dir='ltr'>versibus,</span> <span class='ocrx_word' id='word_1_183' title='bbox 360 2265 393 2325; x_wconf 97' lang='grc'>11</span> <span class='ocrx_word' id='word_1_184' title='bbox 416 2282 471 2326; x_wconf 84' lang='grc'>101</span> <span class='ocrx_word' id='word_1_185' title='bbox 494 2263 549 2347; x_wconf 84' lang='lat' dir='ltr'>agi</span> <span class='ocrx_word' id='word_1_186' title='bbox 571 2262 606 2325; x_wconf 92' lang='lat' dir='ltr'>in</span> <span class='ocrx_word' id='word_1_187' title='bbox 629 2283 745 2327; x_wconf 89' lang='lat' dir='ltr'>scaena</span> <span class='ocrx_word' id='word_1_188' title='bbox 767 2284 832 2326; x_wconf 90' lang='lat' dir='ltr'>non</span> <span class='ocrx_word' id='word_1_189' title='bbox 855 2263 930 2346; x_wconf 90' lang='lat' dir='ltr'>plus</span> <span class='ocrx_word' id='word_1_190' title='bbox 950 2261 1067 2348; x_wconf 86' lang='lat' dir='ltr'>decuit,</span> <span class='ocrx_word' id='word_1_191' title='bbox 1091 2285 1179 2348; x_wconf 89' lang='lat' dir='ltr'>quam</span> 
     </span>
     <span class='ocr_line' id='line_1_27' title="bbox 181 2349 1178 2434; baseline 0.003 -21"><span class='ocrx_word' id='word_1_192' title='bbox 181 2349 211 2414; x_wconf 91' lang='lat' dir='ltr'>si</span> <span class='ocrx_word' id='word_1_193' title='bbox 227 2349 373 2434; x_wconf 91' lang='lat' dir='ltr'>Plautus,</span> <span class='ocrx_word' id='word_1_194' title='bbox 395 2351 504 2432; x_wconf 71' lang='lat' dir='ltr'>inanit,</span> <span class='ocrx_word' id='word_1_195' title='bbox 526 2354 639 2415; x_wconf 87' lang='lat' dir='ltr'>noster</span> <span class='ocrx_word' id='word_1_196' title='bbox 656 2350 814 2415; x_wconf 85' lang='lat' dir='ltr'>voluisset</span> <span class='ocrx_word' id='word_1_197' title='bbox 832 2353 888 2416; x_wconf 90' lang='lat' dir='ltr'>aut</span> <span class='ocrx_word' id='word_1_198' title='bbox 906 2350 1051 2416; x_wconf 85' lang='lat' dir='ltr'>Naevius</span> <span class='ocrx_word' id='word_1_199' title='bbox 1068 2351 1178 2418; x_wconf 91' lang='lat' dir='ltr'>Publio</span> 
     </span>
     <span class='ocr_line' id='line_1_28' title="bbox 181 2435 1208 2523; baseline 0.004 -21"><span class='ocrx_word' id='word_1_200' title='bbox 181 2441 214 2502; x_wconf 88' lang='lat' dir='ltr'>et</span> <span class='ocrx_word' id='word_1_201' title='bbox 242 2437 352 2504; x_wconf 81' lang='lat' dir='ltr'>Gnaeo</span> <span class='ocrx_word' id='word_1_202' title='bbox 380 2435 522 2523; x_wconf 83' lang='lat' dir='ltr'>Scipioni</span> <span class='ocrx_word' id='word_1_203' title='bbox 550 2442 606 2503; x_wconf 90' lang='lat' dir='ltr'>aut</span> <span class='ocrx_word' id='word_1_204' title='bbox 633 2436 793 2504; x_wconf 78' lang='lat' dir='ltr'>Caecilius</span> <span class='ocrx_word' id='word_1_205' title='bbox 820 2438 932 2504; x_wconf 89' lang='lat' dir='ltr'>Marco</span> <span class='ocrx_word' id='word_1_206' title='bbox 954 2437 1076 2504; x_wconf 80' lang='lat' dir='ltr'>(latoni</span> <span class='ocrx_word' id='word_1_207' title='bbox 1102 2442 1179 2506; x_wconf 87' lang='lat' dir='ltr'>male</span> <span class='ocrx_word' id='word_1_208' title='bbox 1189 2457 1208 2497; x_wconf 70' lang='lat'>²5</span> 
     </span>
    </p>

    <p class='ocr_par' dir='ltr' id='par_1_10' title="bbox 129 2526 1206 3579">
     <span class='ocr_line' id='line_1_29' title="bbox 129 2526 1179 2612; baseline 0.009 -27"><span class='ocrx_word' id='word_1_209' title='bbox 129 2537 162 2586; x_wconf 83' lang='lat'>12</span> <span class='ocrx_word' id='word_1_210' title='bbox 182 2527 294 2592; x_wconf 86' lang='lat' dir='ltr'>dicere.</span> <span class='ocrx_word' id='word_1_211' title='bbox 330 2527 451 2592; x_wconf 82' lang='lat' dir='ltr'>Deinde</span> <span class='ocrx_word' id='word_1_212' title='bbox 462 2527 560 2610; x_wconf 86' lang='lat' dir='ltr'>panto</span> <span class='ocrx_word' id='word_1_213' title='bbox 572 2531 659 2610; x_wconf 85' lang='lat' dir='ltr'>post:</span> <span class='ocrx_word' id='word_1_214' title='bbox 682 2526 711 2591; x_wconf 91' lang='lat' dir='ltr'>N</span> <span class='ocrx_word' id='word_1_215' title='bbox 716 2531 832 2611; x_wconf 86' lang='lat' dir='ltr'>ostraa,</span> <span class='ocrx_word' id='word_1_216' title='bbox 849 2529 960 2612; x_wconf 80' lang='lat' dir='ltr'>inquit,</span> <span class='ocrx_word' id='word_1_217' title='bbox 977 2532 1095 2594; x_wconf 88' lang='lat' dir='ltr'>contra</span> <span class='ocrx_word' id='word_1_218' title='bbox 1112 2530 1179 2595; x_wconf 87' lang='lat' dir='ltr'>duo</span> 
     </span>
     <span class='ocr_line' id='line_1_30' title="bbox 180 2615 1179 2703; baseline 0.004 -25"><span class='ocrx_word' id='word_1_219' title='bbox 180 2615 283 2681; x_wconf 87' lang='lat' dir='ltr'>decim</span> <span class='ocrx_word' id='word_1_220' title='bbox 315 2616 447 2680; x_wconf 89' lang='lat' dir='ltr'>tabulae</span> <span class='ocrx_word' id='word_1_221' title='bbox 476 2636 548 2680; x_wconf 89' lang='lat' dir='ltr'>cum</span> <span class='ocrx_word' id='word_1_222' title='bbox 575 2637 753 2700; x_wconf 86' lang='lat' dir='ltr'>perpaucas</span> <span class='ocrx_word' id='word_1_223' title='bbox 780 2637 832 2681; x_wconf 88' lang='lat' dir='ltr'>res</span> <span class='ocrx_word' id='word_1_224' title='bbox 860 2615 966 2701; x_wconf 87' lang='lat' dir='ltr'>capite</span> <span class='ocrx_word' id='word_1_225' title='bbox 993 2618 1179 2703; x_wconf 82' lang='lat' dir='ltr'>sanxissent,</span> 
     </span>
     <span class='ocr_line' id='line_1_31' title="bbox 179 2703 1177 2792; baseline 0.004 -24"><span class='ocrx_word' id='word_1_226' title='bbox 179 2703 214 2768; x_wconf 94' lang='lat' dir='ltr'>in</span> <span class='ocrx_word' id='word_1_227' title='bbox 242 2703 294 2767; x_wconf 89' lang='lat' dir='ltr'>his</span> <span class='ocrx_word' id='word_1_228' title='bbox 321 2703 405 2768; x_wconf 91' lang='lat' dir='ltr'>hanc</span> <span class='ocrx_word' id='word_1_229' title='bbox 433 2723 559 2787; x_wconf 86' lang='lat' dir='ltr'>quoque</span> <span class='ocrx_word' id='word_1_230' title='bbox 587 2703 793 2770; x_wconf 88' lang='lat' dir='ltr'>sanciendam</span> <span class='ocrx_word' id='word_1_231' title='bbox 819 2708 1030 2789; x_wconf 81' lang='lat' dir='ltr'>putaverunt,</span> <span class='ocrx_word' id='word_1_232' title='bbox 1062 2707 1177 2792; x_wconf 90' lang='lat' dir='ltr'>siquis</span> 
     </span>
     <span class='ocr_line' id='line_1_32' title="bbox 179 2790 1177 2877; baseline 0.006 -23"><span class='ocrx_word' id='word_1_233' title='bbox 179 2791 414 2856; x_wconf 88' lang='lat' dir='ltr'>occentavisset</span> <span class='ocrx_word' id='word_1_234' title='bbox 437 2790 505 2856; x_wconf 89' lang='grc'><strong>1111</strong></span> <span class='ocrx_word' id='word_1_235' title='bbox 527 2813 657 2857; x_wconf 88' lang='lat' dir='ltr'>carmen</span> <span class='ocrx_word' id='word_1_236' title='bbox 679 2793 883 2876; x_wconf 86' lang='lat' dir='ltr'>condidisset,</span> <span class='ocrx_word' id='word_1_237' title='bbox 906 2794 993 2877; x_wconf 87' lang='lat' dir='ltr'>quod</span> <span class='ocrx_word' id='word_1_238' title='bbox 1014 2793 1177 2860; x_wconf 86' lang='lat' dir='ltr'>infamiam</span> 
     </span>
     <span class='ocr_line' id='line_1_33' title="bbox 178 2877 1206 2965; baseline 0.007 -23"><span class='ocrx_word' id='word_1_239' title='bbox 178 2877 300 2942; x_wconf 87' lang='lat' dir='ltr'>faceret</span> <span class='ocrx_word' id='word_1_240' title='bbox 331 2879 532 2965; x_wconf 84' lang='lat' dir='ltr'>flagitiumve</span> <span class='ocrx_word' id='word_1_241' title='bbox 565 2880 667 2944; x_wconf 89' lang='lat' dir='ltr'>alteri.</span> <span class='ocrx_word' id='word_1_242' title='bbox 716 2881 901 2964; x_wconf 83' lang='lat' dir='ltr'>Praeclare3</span> <span class='ocrx_word' id='word_1_243' title='bbox 937 2881 1066 2948; x_wconf 87' lang='lat' dir='ltr'>iudiciis</span> <span class='ocrx_word' id='word_1_244' title='bbox 1099 2885 1206 2949; x_wconf 82' lang='lat' dir='ltr'>enimn</span> 
     </span>
     <span class='ocr_line' id='line_1_34' title="bbox 179 2965 1175 3056; baseline 0.009 -27"><span class='ocrx_word' id='word_1_245' title='bbox 179 2965 443 3051; x_wconf 83' lang='lat' dir='ltr'>magistratuum,</span> <span class='ocrx_word' id='word_1_246' title='bbox 476 2967 764 3052; x_wconf 88' lang='lat' dir='ltr'>disceptationibus</span> <span class='ocrx_word' id='word_1_247' title='bbox 797 2969 953 3056; x_wconf 84' lang='lat' dir='ltr'>legitimis</span> <span class='ocrx_word' id='word_1_248' title='bbox 979 2972 1175 3056; x_wconf 88' lang='lat' dir='ltr'>propositam</span> 
     </span>
     <span class='ocr_line' id='line_1_35' title="bbox 178 3053 1175 3142; baseline 0.009 -25"><span class='ocrx_word' id='word_1_249' title='bbox 178 3053 294 3137; x_wconf 89' lang='lat' dir='ltr'>vitam,</span> <span class='ocrx_word' id='word_1_250' title='bbox 326 3075 392 3119; x_wconf 89' lang='lat' dir='ltr'>non</span> <span class='ocrx_word' id='word_1_251' title='bbox 418 3060 588 3138; x_wconf 66' lang='lat' dir='ltr'>poetarum</span> <span class='ocrx_word' id='word_1_252' title='bbox 615 3057 768 3142; x_wconf 85' lang='lat' dir='ltr'>ingeniis,</span> <span class='ocrx_word' id='word_1_253' title='bbox 797 3058 916 3122; x_wconf 87' lang='lat' dir='ltr'>habere</span> <span class='ocrx_word' id='word_1_254' title='bbox 944 3059 1099 3126; x_wconf 91' lang='lat' dir='ltr'>debemus</span> <span class='ocrx_word' id='word_1_255' title='bbox 1124 3084 1175 3126; x_wconf 90' lang='lat' dir='ltr'>nec</span> 
     </span>
     <span class='ocr_line' id='line_1_36' title="bbox 177 3142 1174 3232; baseline 0.008 -26"><span class='ocrx_word' id='word_1_256' title='bbox 177 3142 333 3227; x_wconf 87' lang='lat' dir='ltr'>probrum</span> <span class='ocrx_word' id='word_1_257' title='bbox 360 3143 470 3208; x_wconf 86' lang='lat' dir='ltr'>audire</span> <span class='ocrx_word' id='word_1_258' title='bbox 496 3145 560 3208; x_wconf 88' lang='lat' dir='ltr'>nisi</span> <span class='ocrx_word' id='word_1_259' title='bbox 583 3166 621 3209; x_wconf 90' lang='lat' dir='ltr'>ea</span> <span class='ocrx_word' id='word_1_260' title='bbox 643 3144 728 3230; x_wconf 82' lang='lat' dir='ltr'>lege,</span> <span class='ocrx_word' id='word_1_261' title='bbox 755 3149 792 3210; x_wconf 91' lang='lat' dir='ltr'>ut</span> <span class='ocrx_word' id='word_1_262' title='bbox 814 3147 1007 3232; x_wconf 87' lang='lat' dir='ltr'>respondere</span> <span class='ocrx_word' id='word_1_263' title='bbox 1030 3147 1126 3214; x_wconf 90' lang='lat' dir='ltr'>liceat</span> <span class='ocrx_word' id='word_1_264' title='bbox 1146 3153 1174 3214; x_wconf 88' lang='lat' dir='ltr'>et</span> 
     </span>
     <span class='ocr_line' id='line_1_37' title="bbox 176 3230 1173 3322; baseline 0.009 -28"><span class='ocrx_word' id='word_1_265' title='bbox 176 3230 294 3296; x_wconf 87' lang='lat' dir='ltr'>iudicio</span> <span class='ocrx_word' id='word_1_266' title='bbox 318 3231 495 3296; x_wconf 86' lang='lat' dir='ltr'>defendero.</span> <span class='ocrx_word' id='word_1_267' title='bbox 538 3233 627 3297; x_wconf 85' lang='lat' dir='ltr'>Haec</span> <span class='ocrx_word' id='word_1_268' title='bbox 648 3253 684 3299; x_wconf 86' lang='lat' dir='ltr'>cn</span> <span class='ocrx_word' id='word_1_269' title='bbox 707 3233 860 3300; x_wconf 77' lang='lat' dir='ltr'>Ciceronis</span> <span class='ocrx_word' id='word_1_270' title='bbox 881 3241 991 3316; x_wconf 71' lang='lat' dir='ltr'>qnando</span> <span class='ocrx_word' id='word_1_271' title='bbox 1013 3237 1051 3302; x_wconf 88' lang='lat' dir='ltr'>de</span> <span class='ocrx_word' id='word_1_272' title='bbox 1072 3257 1106 3302; x_wconf 83' lang='lat' dir='ltr'>ne</span> <span class='ocrx_word' id='word_1_273' title='bbox 1119 3260 1173 3322; x_wconf 81' lang='lat' dir='ltr'>pm</span> 
     </span>
     <span class='ocr_line' id='line_1_38' title="bbox 177 3318 1204 3404; baseline 0.01 -22"><span class='ocrx_word' id='word_1_274' title='bbox 177 3318 256 3382; x_wconf 85' lang='lat' dir='ltr'>blica</span> <span class='ocrx_word' id='word_1_275' title='bbox 288 3319 365 3384; x_wconf 81' lang='lat' dir='ltr'>libro</span> <span class='ocrx_word' id='word_1_276' title='bbox 395 3321 439 3384; x_wconf 89' lang='lat' dir='ltr'>ad</span> <span class='ocrx_word' id='word_1_277' title='bbox 467 3320 589 3385; x_wconf 77' lang='lat' dir='ltr'>catam</span> <span class='ocrx_word' id='word_1_278' title='bbox 621 3325 805 3404; x_wconf 82' lang='lat' dir='ltr'>enonpenda</span> <span class='ocrx_word' id='word_1_279' title='bbox 831 3323 1000 3390; x_wconf 78' lang='grc'><strong>1111110111</strong></span> <span class='ocrx_word' id='word_1_280' title='bbox 1024 3345 1095 3390; x_wconf 89' lang='lat' dir='ltr'>snm</span> <span class='ocrx_word' id='word_1_281' title='bbox 1117 3342 1204 3391; x_wconf 68' lang='lat' dir='ltr'>nonu</span> 
     </span>
     <span class='ocr_line' id='line_1_39' title="bbox 175 3405 1173 3494; baseline 0.012 -26"><span class='ocrx_word' id='word_1_282' title='bbox 175 3405 272 3470; x_wconf 87' lang='lat' dir='ltr'>nattis</span> <span class='ocrx_word' id='word_1_283' title='bbox 287 3412 414 3488; x_wconf 80' lang='lat' dir='ltr'>propter</span> <span class='ocrx_word' id='word_1_284' title='bbox 433 3407 605 3487; x_wconf 76' lang='lat' dir='ltr'>faciliorem</span> <span class='ocrx_word' id='word_1_285' title='bbox 626 3410 809 3476; x_wconf 76' lang='lat' dir='ltr'>intellectam</span> <span class='ocrx_word' id='word_1_286' title='bbox 830 3412 875 3477; x_wconf 85' lang='lat' dir='ltr'>oet</span> <span class='ocrx_word' id='word_1_287' title='bbox 890 3415 1119 3494; x_wconf 71' lang='lat' dir='ltr'>praemmtsas</span> <span class='ocrx_word' id='word_1_288' title='bbox 1132 3416 1173 3480; x_wconf 87' lang='lat' dir='ltr'>od</span> 
     </span>
     <span class='ocr_line' id='line_1_40' title="bbox 170 3491 1172 3579; baseline 0.017 -25"><span class='ocrx_word' id='word_1_289' title='bbox 170 3491 338 3579; x_wconf 81' lang='lat' dir='ltr'>poninlnm</span> <span class='ocrx_word' id='word_1_290' title='bbox 364 3495 568 3560; x_wconf 83' lang='lat' dir='ltr'>commutatis.</span> <span class='ocrx_word' id='word_1_291' title='bbox 583 3544 591 3560; x_wconf 91' lang='lat'><strong>.</strong></span> <span class='ocrx_word' id='word_1_292' title='bbox 605 3544 635 3562; x_wconf 88' lang='lat'>..</span> <span class='ocrx_word' id='word_1_293' title='bbox 673 3496 763 3565; x_wconf 83' lang='lat' dir='ltr'>Dicit</span> <span class='ocrx_word' id='word_1_294' title='bbox 783 3501 889 3566; x_wconf 68' lang='lat' dir='ltr'>dando</span> <span class='ocrx_word' id='word_1_295' title='bbox 910 3501 977 3566; x_wconf 89' lang='lat' dir='ltr'>alia</span> <span class='ocrx_word' id='word_1_296' title='bbox 997 3505 1028 3566; x_wconf 86' lang='lat' dir='ltr'>et</span> <span class='ocrx_word' id='word_1_297' title='bbox 1047 3503 1093 3568; x_wconf 86' lang='lat' dir='ltr'>sia</span> <span class='ocrx_word' id='word_1_298' title='bbox 1113 3523 1172 3570; x_wconf 87' lang='lat' dir='ltr'>oon</span> 
     </span>
    </p>
   </div>
   <div class='ocr_carea' id='block_1_5' title="bbox 0 0 1242 3936">
    <p class='ocr_par' dir='ltr' id='par_1_11' title="bbox 0 0 1242 3936">
     <span class='ocr_line' id='line_1_41' title="bbox 0 0 1242 3936; baseline 0 3"><span class='ocrx_word' id='word_1_299' title='bbox 0 0 1242 3936; x_wconf 95' lang='lat' dir='ltr'> </span> 
     </span>
    </p>
   </div>
  </div>
 </body>
</html>
