2496 3934
145 196 208 262 106
456 191 848 248 nnnsruannaonuu

142 363 214 408 rum
240 339 402 405 neminem
427 336 492 403 nisi
517 337 649 403 iuvante
676 337 735 403 deo
764 338 866 402 talem
892 335 993 403 luisse
1020 338 1151 404 creden-

92 444 142 494 166
157 430 233 493 dum
260 429 318 493 est.
365 424 454 501 Quae
480 425 564 490 ratio
591 429 705 511 po'e’tas
733 447 945 510 maxumeque
967 424 1152 492 Homerum

142 516 275 602 inpulit,
302 517 340 581 ut
362 513 562 599 principibus
585 514 732 598 heroum,
754 511 858 598 Ulixi,
879 513 1039 600 Diomedi,
1061 515 1151 600 Aga·

142 603 320 688 memnoni,
342 601 478 686 Achilli,
500 606 605 668 certos
629 602 705 669 deos
728 601 948 668 discriminum
970 605 1004 668 et
1026 603 1151 688 pericu-

142 693 249 759 lorum
272 690 406 758 comites
430 689 627 777 adiungeret.
662 689 835 757 Praeterea
851 690 997 776 ipsorum
1016 691 1177 758 deorums

143 802 239 866 saepe
261 779 477 866 praesentiae,
501 779 613 863 quales
638 799 736 865 supra
759 779 1021 864 commemoravi,
1044 779 1151 846 decla·
1243 815 1244 844 l

142 872 218 934 rant
245 869 286 934 ab
312 868 353 934 iis
382 870 416 933 et
438 867 626 933 civitatibus
649 869 682 932 et
705 867 843 952 singulis
865 866 1051 933 hominibus
1075 889 1150 934 con·

143 957 219 1042 suli3
247 955 334 1042 quod
356 954 485 1041 quidem
507 955 710 1041 intellegitur
733 955 834 1021 etiam
856 955 1149 1042 significationibus

142 1067 250 1111 rerum
277 1043 473 1129 futurarum,
501 1046 677 1129 quactum
700 1043 947 1129 dormientibus,
974 1047 1046 1110 tum
1068 1045 1151 1130 vigi·

142 1133 287 1198 lantibus
300 1132 545 1218 portenduntur.
577 1129 682 1198 Multa
694 1135 863 1218 praeterea
877 1131 1024 1218 ostentis,
1042 1134 1150 1199 multa
1163 1153 1187 1194 ro

142 1221 225 1287 extis
256 1219 466 1286 admonemur
489 1219 664 1304 multisque
686 1220 782 1285 rebus
806 1220 893 1304 aliis,
922 1242 1002 1305 quas
1026 1222 1148 1287 diutur-

141 1330 203 1374 nus
229 1329 308 1373 usus
333 1307 382 1372 ita
410 1307 550 1392 notavit,
577 1311 615 1372 ut
638 1311 743 1374 artem
765 1308 973 1375 divinationis
997 1308 1149 1376 efficeret.

90 1409 140 1461 167
155 1395 259 1462 Nemo
286 1395 389 1481 igitur
415 1395 466 1460 vir
492 1417 630 1482 magnus
659 1397 727 1461 sine
755 1397 864 1480 aliquo
893 1396 1015 1463 addaiu
1038 1397 1148 1464 divino

142 1489 297 1569 umquam
322 1483 394 1548 fuit.
439 1481 507 1548 Nec
534 1505 610 1549 vcro
638 1485 673 1550 id
697 1483 745 1549 ita
771 1484 985 1551 refellendum
1011 1490 1075 1570 est,
1102 1490 1148 1570 ut,

143 1573 172 1637 si
193 1572 358 1659 segetibus
382 1574 438 1636 aut
459 1571 577 1636 vinetis
600 1571 780 1658 cuiuspiam
797 1575 975 1657 tempestas
992 1573 1150 1659 nocuerit,
1162 1591 1184 1634 u

143 1664 199 1727 aut
227 1660 256 1726 si
282 1659 360 1745 quid
383 1681 400 1724 e
422 1659 509 1725 vitae
532 1660 709 1726 commodis
732 1681 826 1726 casus
850 1660 1037 1746 abstulerit,
1065 1684 1149 1748 eum,

142 1749 193 1815 cui
225 1748 302 1833 quid
330 1748 448 1813 horum
475 1747 638 1832 acciderit,
671 1751 728 1813 aut
753 1747 895 1815 inrisum
922 1749 981 1814 deo
1010 1753 1068 1815 aut
1094 1773 1149 1816 ne

141 1837 285 1924 glectum
318 1858 337 1901 a
365 1835 424 1902 deo
450 1835 635 1901 iudicemus.
679 1834 801 1922 Magna
827 1837 860 1902 di
886 1841 1014 1922 curant,
1045 1860 1149 1924 parva

140 1926 328 2012 neglegunt.
363 1922 493 2009 Magnis
517 1928 625 1989 autem
644 1923 723 1989 viris
741 1946 916 2009 prosperae
936 1947 1063 2010 semper
1081 1948 1149 1992 om·
1243 1941 1244 1964 ¹

139 2035 197 2079 nes
221 2033 282 2097 res,
305 2011 465 2094 siquidem
488 2011 567 2076 satis
591 2033 611 2076 a
632 2011 754 2077 nostris
778 2015 811 2077 ct
834 2033 853 2077 a
875 2013 1020 2097 principe
1041 2013 1184 2098 philon

141 2099 275 2202 soplriae
298 2095 430 2165 Socrate
453 2087 574 2165 dictum
597 2102 647 2164 est
670 2098 709 2164 de
731 2100 935 2166 ubertatibus
958 2101 1091 2168 virtutis
1116 2106 1149 2170 et

142 2210 179 2256 co
202 2209 252 2252 us.

88 2247 140 2375 ida
180 2212 297 2341 pHaec
315 2275 396 2340 mihi
413 2275 480 2340 iere
497 2275 532 2340 in
550 2278 691 2340 mentem
708 2275 892 2361 veniebant,
915 2298 996 2361 qnae
1014 2277 1149 2346 dicenda
1243 2273 1244 2298 ³

140 2367 292 2451 putarem
314 2363 353 2428 de
375 2366 493 2429 natura
515 2363 656 2428 deorum.
701 2362 750 2428 'Pu
774 2367 891 2448 autem,
913 2363 1021 2450 Cotta,
1044 2366 1074 2430 si
1096 2389 1148 2433 me

141 2453 263 2537 audias,
282 2451 415 2518 eandem
434 2473 564 2518 oausam
583 2473 663 2538 agas
681 2455 777 2536 teque
796 2455 829 2516 ct
846 2452 1025 2538 principem
1043 2454 1149 2520 civem
1160 2471 1183 2514 ²⁵

141 2544 175 2606 et
201 2541 387 2627 pontificem
416 2561 486 2605 esse
514 2539 637 2625 cogites
666 2542 712 2624 et,
743 2539 896 2623 quoniam
918 2540 953 2606 in
968 2544 1148 2627 utramque

140 2632 269 2715 partem
291 2628 385 2694 vobis
408 2627 485 2694 licet
508 2627 682 2712 disputare,
704 2627 788 2693 hanc
805 2629 915 2713 potius
934 2648 1043 2695 sumas
1063 2651 1148 2696 eam-

123 2738 203 2801 ⁴que
220 2715 411 2783 facultatem
430 2713 616 2799 disserendi,
637 2736 736 2799 quam
753 2715 817 2780 tibi
835 2738 855 2781 a
872 2716 1043 2782 rhetoricis
1061 2739 1148 2784 exer·

140 2804 350 2871 citationibus
383 2806 549 2888 acceptam
578 2803 790 2888 amplificavit
816 2802 1004 2890 Academia,
1035 2807 1147 2889 potius

4 2905 5 2908 ’
140 2891 204 2958 huc
222 2890 377 2957 conferas.
408 2891 497 2956 Mala
515 2889 601 2956 enim
620 2893 653 2956 et
670 2890 772 2975 impia
789 2892 986 2959 consuetudo
1005 2897 1056 2957 est
1075 2914 1147 2960 con·
1160 2910 1184 2952 ³⁰

140 2983 194 3044 tra
217 2978 293 3046 deos
312 2978 505 3064 disputandi,
529 2978 597 3044 sive
616 2999 655 3044 ex
674 2978 782 3044 animo
800 2979 834 3044 id
851 2980 890 3046 fit
904 2980 972 3046 sive
985 2980 1149 3048 simulate.

539 3225 748 3236 ——
