<?xml version="1.0" encoding="UTF-8"?>
<!DOCTYPE html PUBLIC "-//W3C//DTD XHTML 1.0 Transitional//EN"
    "http://www.w3.org/TR/xhtml1/DTD/xhtml1-transitional.dtd">
<html xmlns="http://www.w3.org/1999/xhtml" xml:lang="en" lang="en">
 <head>
  <title>
</title>
<meta http-equiv="Content-Type" content="text/html;charset=utf-8" />
  <meta name='ocr-system' content='tesseract 3.04.00' />
  <meta name='ocr-capabilities' content='ocr_page ocr_carea ocr_par ocr_line ocrx_word'/>
</head>
<body>
  <div class='ocr_page' id='page_1' title='image "./mtulliiciceroni03mlgoog_0235.png"; bbox 0 0 2458 3934; ppageno 0'>
   <div class='ocr_carea' id='block_1_1' title="bbox 166 165 822 234">
    <p class='ocr_par' dir='ltr' id='par_1_1' title="bbox 166 165 822 234">
     <span class='ocr_line' id='line_1_1' title="bbox 166 165 822 234; baseline -0.002 -13"><span class='ocrx_word' id='word_1_1' title='bbox 166 169 230 234; x_wconf 78' lang='lat'>182</span> <span class='ocrx_word' id='word_1_2' title='bbox 513 165 562 220; x_wconf 84' lang='lat' dir='ltr'>DE</span> <span class='ocrx_word' id='word_1_3' title='bbox 580 165 822 220; x_wconf 72' lang='lat' dir='ltr'><strong>DIVINATIONE</strong></span> 
     </span>
    </p>
   </div>
   <div class='ocr_carea' id='block_1_2' title="bbox 115 309 1207 746">
    <p class='ocr_par' dir='ltr' id='par_1_2' title="bbox 115 309 1207 746">
     <span class='ocr_line' id='line_1_2' title="bbox 163 309 1207 393; baseline -0.007 -15"><span class='ocrx_word' id='word_1_4' title='bbox 163 312 257 378; x_wconf 89' lang='lat' dir='ltr'>initio</span> <span class='ocrx_word' id='word_1_5' title='bbox 279 310 360 374; x_wconf 91' lang='lat' dir='ltr'>belli</span> <span class='ocrx_word' id='word_1_6' title='bbox 376 309 508 374; x_wconf 77' lang='lat' dir='ltr'><strong>Marsici</strong></span> <span class='ocrx_word' id='word_1_7' title='bbox 531 313 564 374; x_wconf 89' lang='lat' dir='ltr'>et</span> <span class='ocrx_word' id='word_1_8' title='bbox 588 309 721 374; x_wconf 89' lang='lat' dir='ltr'>deorum</span> <span class='ocrx_word' id='word_1_9' title='bbox 745 309 919 374; x_wconf 87' lang='lat' dir='ltr'>simulacra</span> <span class='ocrx_word' id='word_1_10' title='bbox 942 310 1120 393; x_wconf 70' lang='lat' dir='ltr'>sudavisse,</span> <span class='ocrx_word' id='word_1_11' title='bbox 1142 313 1172 374; x_wconf 88' lang='lat' dir='ltr'>et</span> <span class='ocrx_word' id='word_1_12' title='bbox 1206 365 1207 370; x_wconf 73' lang='grc'>,</span> 
     </span>
     <span class='ocr_line' id='line_1_3' title="bbox 166 397 1172 484; baseline -0.002 -20"><span class='ocrx_word' id='word_1_13' title='bbox 166 399 356 484; x_wconf 87' lang='lat' dir='ltr'>sanguinem</span> <span class='ocrx_word' id='word_1_14' title='bbox 374 397 514 480; x_wconf 90' lang='lat' dir='ltr'>fluxisse,</span> <span class='ocrx_word' id='word_1_15' title='bbox 532 399 565 462; x_wconf 90' lang='lat' dir='ltr'>et</span> <span class='ocrx_word' id='word_1_16' title='bbox 584 397 770 462; x_wconf 80' lang='lat' dir='ltr'>discessisse</span> <span class='ocrx_word' id='word_1_17' title='bbox 789 398 923 481; x_wconf 83' lang='lat' dir='ltr'>caelum,</span> <span class='ocrx_word' id='word_1_18' title='bbox 941 402 976 462; x_wconf 89' lang='lat' dir='ltr'>et</span> <span class='ocrx_word' id='word_1_19' title='bbox 994 420 1033 463; x_wconf 88' lang='lat' dir='ltr'>ex</span> <span class='ocrx_word' id='word_1_20' title='bbox 1048 398 1172 463; x_wconf 90' lang='lat' dir='ltr'>occulto</span> 
     </span>
     <span class='ocr_line' id='line_1_4' title="bbox 166 484 1174 569; baseline -0.007 -15"><span class='ocrx_word' id='word_1_21' title='bbox 166 488 293 554; x_wconf 86' lang='lat' dir='ltr'>auditas</span> <span class='ocrx_word' id='word_1_22' title='bbox 317 507 387 551; x_wconf 91' lang='lat' dir='ltr'>esse</span> <span class='ocrx_word' id='word_1_23' title='bbox 409 507 513 568; x_wconf 79' lang='lat' dir='ltr'>voces,</span> <span class='ocrx_word' id='word_1_24' title='bbox 538 507 619 569; x_wconf 86' lang='lat' dir='ltr'>quae</span> <span class='ocrx_word' id='word_1_25' title='bbox 642 484 786 569; x_wconf 86' lang='lat' dir='ltr'>pericula</span> <span class='ocrx_word' id='word_1_26' title='bbox 808 485 888 550; x_wconf 93' lang='lat' dir='ltr'>belli</span> <span class='ocrx_word' id='word_1_27' title='bbox 910 486 1117 568; x_wconf 77' lang='lat' dir='ltr'>nuntiarent,</span> <span class='ocrx_word' id='word_1_28' title='bbox 1144 489 1174 548; x_wconf 86' lang='lat' dir='ltr'>et</span> 
     </span>
     <span class='ocr_line' id='line_1_5' title="bbox 165 573 1174 659; baseline -0.005 -19"><span class='ocrx_word' id='word_1_29' title='bbox 165 574 303 640; x_wconf 81' lang='lat' dir='ltr'>Lanuvii</span> <span class='ocrx_word' id='word_1_30' title='bbox 321 573 451 659; x_wconf 84' lang='lat' dir='ltr'>clipeos,</span> <span class='ocrx_word' id='word_1_31' title='bbox 470 573 557 657; x_wconf 91' lang='lat' dir='ltr'>quod</span> <span class='ocrx_word' id='word_1_32' title='bbox 574 573 801 658; x_wconf 80' lang='lat' dir='ltr'>haruspicibus</span> <span class='ocrx_word' id='word_1_33' title='bbox 818 573 1058 638; x_wconf 70' lang='lat' dir='ltr'>tristissumum</span> <span class='ocrx_word' id='word_1_34' title='bbox 1072 573 1174 638; x_wconf 85' lang='lat' dir='ltr'>visum</span> 
     </span>
     <span class='ocr_line' id='line_1_6' title="bbox 115 660 1197 746; baseline -0.002 -20"><span class='ocrx_word' id='word_1_35' title='bbox 115 666 270 746; x_wconf 89' lang='lat' dir='ltr'>100esset,</span> <span class='ocrx_word' id='word_1_36' title='bbox 293 684 313 727; x_wconf 83' lang='lat' dir='ltr'>e</span> <span class='ocrx_word' id='word_1_37' title='bbox 335 662 481 728; x_wconf 89' lang='lat' dir='ltr'>muribus</span> <span class='ocrx_word' id='word_1_38' title='bbox 504 682 574 725; x_wconf 90' lang='lat' dir='ltr'>esse</span> <span class='ocrx_word' id='word_1_39' title='bbox 598 661 739 727; x_wconf 89' lang='lat' dir='ltr'>derosos.</span> <span class='ocrx_word' id='word_1_40' title='bbox 780 660 872 745; x_wconf 85' lang='lat' dir='ltr'>Quid,</span> <span class='ocrx_word' id='word_1_41' title='bbox 896 661 983 746; x_wconf 92' lang='lat' dir='ltr'>quod</span> <span class='ocrx_word' id='word_1_42' title='bbox 1000 661 1037 726; x_wconf 91' lang='lat' dir='ltr'>in</span> <span class='ocrx_word' id='word_1_43' title='bbox 1056 661 1197 726; x_wconf 76' lang='lat' dir='ltr'>enneli-⁶</span> 
     </span>
    </p>
   </div>
   <div class='ocr_carea' id='block_1_3' title="bbox 119 747 1207 3454">
    <p class='ocr_par' dir='ltr' id='par_1_3' title="bbox 119 747 1207 3454">
     <span class='ocr_line' id='line_1_7' title="bbox 166 747 1207 834; baseline -0.005 -17"><span class='ocrx_word' id='word_1_44' title='bbox 166 754 227 817; x_wconf 91' lang='lat' dir='ltr'>bus</span> <span class='ocrx_word' id='word_1_45' title='bbox 251 751 408 815; x_wconf 89' lang='lat' dir='ltr'>habemus</span> <span class='ocrx_word' id='word_1_46' title='bbox 431 747 562 813; x_wconf 87' lang='lat' dir='ltr'>Veienti</span> <span class='ocrx_word' id='word_1_47' title='bbox 584 748 681 832; x_wconf 89' lang='lat' dir='ltr'>bello,</span> <span class='ocrx_word' id='word_1_48' title='bbox 705 771 778 813; x_wconf 90' lang='lat' dir='ltr'>cum</span> <span class='ocrx_word' id='word_1_49' title='bbox 801 750 891 815; x_wconf 89' lang='lat' dir='ltr'>lacus</span> <span class='ocrx_word' id='word_1_50' title='bbox 914 748 1067 815; x_wconf 82' lang='lat' dir='ltr'>Albanus</span> <span class='ocrx_word' id='word_1_51' title='bbox 1089 769 1176 834; x_wconf 82' lang='lat' dir='ltr'>pree</span> <span class='ocrx_word' id='word_1_52' title='bbox 1206 751 1207 824; x_wconf 69' lang='lat' dir='ltr'>J</span> 
     </span>
     <span class='ocr_line' id='line_1_8' title="bbox 166 835 1207 921; baseline -0.004 -17"><span class='ocrx_word' id='word_1_53' title='bbox 166 843 218 904; x_wconf 91' lang='lat' dir='ltr'>ter</span> <span class='ocrx_word' id='word_1_54' title='bbox 244 839 376 904; x_wconf 91' lang='lat' dir='ltr'>modum</span> <span class='ocrx_word' id='word_1_55' title='bbox 405 837 572 920; x_wconf 81' lang='lat' dir='ltr'>crevisset,</span> <span class='ocrx_word' id='word_1_56' title='bbox 598 835 769 902; x_wconf 85' lang='lat' dir='ltr'>Veientem</span> <span class='ocrx_word' id='word_1_57' title='bbox 793 837 953 921; x_wconf 86' lang='lat' dir='ltr'>quendam</span> <span class='ocrx_word' id='word_1_58' title='bbox 976 839 1018 902; x_wconf 91' lang='lat' dir='ltr'>ad</span> <span class='ocrx_word' id='word_1_59' title='bbox 1040 859 1103 904; x_wconf 90' lang='lat' dir='ltr'>nos</span> <span class='ocrx_word' id='word_1_60' title='bbox 1124 836 1175 900; x_wconf 85' lang='lat' dir='ltr'>ho</span> <span class='ocrx_word' id='word_1_61' title='bbox 1206 843 1207 866; x_wconf 75' lang='lat'>³</span> 
     </span>
     <span class='ocr_line' id='line_1_9' title="bbox 167 924 1176 1011; baseline -0.007 -18"><span class='ocrx_word' id='word_1_62' title='bbox 167 928 288 994; x_wconf 89' lang='lat' dir='ltr'>minem</span> <span class='ocrx_word' id='word_1_63' title='bbox 315 926 458 992; x_wconf 90' lang='lat' dir='ltr'>nobilem</span> <span class='ocrx_word' id='word_1_64' title='bbox 484 925 680 1011; x_wconf 81' lang='lat' dir='ltr'>perfugisse,</span> <span class='ocrx_word' id='word_1_65' title='bbox 712 947 848 1010; x_wconf 91' lang='lat' dir='ltr'>eumque</span> <span class='ocrx_word' id='word_1_66' title='bbox 876 925 995 991; x_wconf 88' lang='lat' dir='ltr'>dixisse</span> <span class='ocrx_word' id='word_1_67' title='bbox 1024 948 1066 991; x_wconf 88' lang='lat' dir='ltr'>ex</span> <span class='ocrx_word' id='word_1_68' title='bbox 1093 924 1176 1006; x_wconf 86' lang='lat' dir='ltr'>fatis,</span> 
     </span>
     <span class='ocr_line' id='line_1_10' title="bbox 169 1012 1207 1101; baseline -0.002 -19"><span class='ocrx_word' id='word_1_69' title='bbox 169 1039 251 1101; x_wconf 82' lang='lat' dir='ltr'>quse</span> <span class='ocrx_word' id='word_1_70' title='bbox 264 1014 417 1082; x_wconf 86' lang='lat' dir='ltr'>Veientes</span> <span class='ocrx_word' id='word_1_71' title='bbox 441 1013 562 1098; x_wconf 89' lang='lat' dir='ltr'>scripta</span> <span class='ocrx_word' id='word_1_72' title='bbox 584 1013 751 1097; x_wconf 88' lang='lat' dir='ltr'>haberent,</span> <span class='ocrx_word' id='word_1_73' title='bbox 773 1012 873 1078; x_wconf 89' lang='lat' dir='ltr'>Veios</span> <span class='ocrx_word' id='word_1_74' title='bbox 896 1013 971 1098; x_wconf 85' lang='lat' dir='ltr'>capi</span> <span class='ocrx_word' id='word_1_75' title='bbox 987 1035 1058 1080; x_wconf 93' lang='lat' dir='ltr'>non</span> <span class='ocrx_word' id='word_1_76' title='bbox 1075 1034 1174 1098; x_wconf 90' lang='lat' dir='ltr'>posse,</span> <span class='ocrx_word' id='word_1_77' title='bbox 1206 1023 1207 1080; x_wconf 73' lang='lat' dir='ltr'>t</span> 
     </span>
     <span class='ocr_line' id='line_1_11' title="bbox 169 1087 1207 1184; baseline -0.007 -16"><span class='ocrx_word' id='word_1_78' title='bbox 169 1105 246 1169; x_wconf 91' lang='lat' dir='ltr'>dum</span> <span class='ocrx_word' id='word_1_79' title='bbox 272 1104 361 1168; x_wconf 82' lang='lat' dir='ltr'>lacus</span> <span class='ocrx_word' id='word_1_80' title='bbox 389 1102 417 1167; x_wconf 88' lang='lat' dir='ltr'>is</span> <span class='ocrx_word' id='word_1_81' title='bbox 445 1101 652 1183; x_wconf 77' lang='lat' dir='ltr'>redundaret,</span> <span class='ocrx_word' id='word_1_82' title='bbox 679 1103 725 1183; x_wconf 90' lang='lat' dir='ltr'>et,</span> <span class='ocrx_word' id='word_1_83' title='bbox 756 1101 784 1164; x_wconf 91' lang='lat' dir='ltr'>si</span> <span class='ocrx_word' id='word_1_84' title='bbox 807 1102 897 1167; x_wconf 90' lang='lat' dir='ltr'>lacus</span> <span class='ocrx_word' id='word_1_85' title='bbox 920 1101 1062 1166; x_wconf 87' lang='lat' dir='ltr'>emissus</span> <span class='ocrx_word' id='word_1_86' title='bbox 1087 1102 1175 1184; x_wconf 87' lang='lat' dir='ltr'>lapsu</span> <span class='ocrx_word' id='word_1_87' title='bbox 1186 1087 1207 1156; x_wconf 73' lang='lat' dir='ltr'>ui</span> 
     </span>
     <span class='ocr_line' id='line_1_12' title="bbox 169 1187 1173 1275; baseline -0.007 -18"><span class='ocrx_word' id='word_1_88' title='bbox 169 1196 202 1258; x_wconf 89' lang='lat' dir='ltr'>et</span> <span class='ocrx_word' id='word_1_89' title='bbox 222 1213 317 1256; x_wconf 89' lang='lat' dir='ltr'>cursu</span> <span class='ocrx_word' id='word_1_90' title='bbox 335 1211 393 1255; x_wconf 91' lang='lat' dir='ltr'>suo</span> <span class='ocrx_word' id='word_1_91' title='bbox 412 1189 454 1254; x_wconf 87' lang='lat' dir='ltr'>ad</span> <span class='ocrx_word' id='word_1_92' title='bbox 472 1211 561 1254; x_wconf 87' lang='lat' dir='ltr'>mare</span> <span class='ocrx_word' id='word_1_93' title='bbox 578 1187 795 1274; x_wconf 89' lang='lat' dir='ltr'>profluxisset,</span> <span class='ocrx_word' id='word_1_94' title='bbox 818 1189 1039 1274; x_wconf 88' lang='lat' dir='ltr'>perniciosum</span> <span class='ocrx_word' id='word_1_95' title='bbox 1059 1188 1173 1275; x_wconf 91' lang='lat' dir='ltr'>populo</span> 
     </span>
     <span class='ocr_line' id='line_1_13' title="bbox 169 1276 1174 1361; baseline -0.008 -15"><span class='ocrx_word' id='word_1_96' title='bbox 169 1279 331 1361; x_wconf 80' lang='lat' dir='ltr'>Roman03</span> <span class='ocrx_word' id='word_1_97' title='bbox 355 1277 406 1341; x_wconf 91' lang='lat' dir='ltr'>sin</span> <span class='ocrx_word' id='word_1_98' title='bbox 425 1280 534 1342; x_wconf 89' lang='lat' dir='ltr'>autem</span> <span class='ocrx_word' id='word_1_99' title='bbox 551 1277 600 1342; x_wconf 83' lang='lat' dir='ltr'>itu</span> <span class='ocrx_word' id='word_1_100' title='bbox 618 1280 704 1342; x_wconf 88' lang='lat' dir='ltr'>esset</span> <span class='ocrx_word' id='word_1_101' title='bbox 723 1276 866 1361; x_wconf 88' lang='lat' dir='ltr'>ednotus,</span> <span class='ocrx_word' id='word_1_102' title='bbox 883 1281 921 1341; x_wconf 90' lang='lat' dir='ltr'>ut</span> <span class='ocrx_word' id='word_1_103' title='bbox 939 1278 982 1343; x_wconf 90' lang='lat' dir='ltr'>ad</span> <span class='ocrx_word' id='word_1_104' title='bbox 999 1299 1094 1343; x_wconf 90' lang='lat' dir='ltr'>mare</span> <span class='ocrx_word' id='word_1_105' title='bbox 1112 1297 1174 1361; x_wconf 87' lang='lat' dir='ltr'>per·</span> 
     </span>
     <span class='ocr_line' id='line_1_14' title="bbox 169 1364 1173 1449; baseline -0.007 -17"><span class='ocrx_word' id='word_1_106' title='bbox 169 1367 279 1432; x_wconf 89' lang='lat' dir='ltr'>venire</span> <span class='ocrx_word' id='word_1_107' title='bbox 301 1387 368 1430; x_wconf 90' lang='lat' dir='ltr'>non</span> <span class='ocrx_word' id='word_1_108' title='bbox 389 1367 510 1449; x_wconf 90' lang='lat' dir='ltr'>posset,</span> <span class='ocrx_word' id='word_1_109' title='bbox 533 1368 604 1430; x_wconf 89' lang='lat' dir='ltr'>tum</span> <span class='ocrx_word' id='word_1_110' title='bbox 627 1365 770 1430; x_wconf 85' lang='lat' dir='ltr'>salutare</span> <span class='ocrx_word' id='word_1_111' title='bbox 788 1365 910 1430; x_wconf 89' lang='lat' dir='ltr'>nostris</span> <span class='ocrx_word' id='word_1_112' title='bbox 927 1364 1023 1431; x_wconf 83' lang='lat' dir='ltr'>fore?</span> <span class='ocrx_word' id='word_1_113' title='bbox 1047 1365 1173 1446; x_wconf 80' lang='lat' dir='ltr'>Exque</span> 
     </span>
     <span class='ocr_line' id='line_1_15' title="bbox 169 1451 1173 1537; baseline -0.006 -18"><span class='ocrx_word' id='word_1_114' title='bbox 169 1455 229 1520; x_wconf 91' lang='lat' dir='ltr'>illa</span> <span class='ocrx_word' id='word_1_115' title='bbox 253 1453 454 1518; x_wconf 89' lang='lat' dir='ltr'>admirabilis</span> <span class='ocrx_word' id='word_1_116' title='bbox 478 1475 498 1516; x_wconf 91' lang='lat' dir='ltr'>a</span> <span class='ocrx_word' id='word_1_117' title='bbox 520 1451 698 1517; x_wconf 85' lang='lat' dir='ltr'>maioribus</span> <span class='ocrx_word' id='word_1_118' title='bbox 721 1451 871 1518; x_wconf 85' lang='lat' dir='ltr'>Albanae</span> <span class='ocrx_word' id='word_1_119' title='bbox 894 1475 996 1537; x_wconf 82' lang='lat' dir='ltr'>aquae</span> <span class='ocrx_word' id='word_1_120' title='bbox 1019 1453 1113 1519; x_wconf 88' lang='lat' dir='ltr'>facta</span> <span class='ocrx_word' id='word_1_121' title='bbox 1129 1451 1173 1514; x_wconf 84' lang='lat' dir='ltr'>de</span> 
     </span>
     <span class='ocr_line' id='line_1_16' title="bbox 171 1538 1203 1626; baseline -0.009 -18"><span class='ocrx_word' id='word_1_122' title='bbox 171 1543 278 1608; x_wconf 86' lang='lat' dir='ltr'>ductio</span> <span class='ocrx_word' id='word_1_123' title='bbox 307 1545 365 1606; x_wconf 90' lang='lat' dir='ltr'>est.</span> <span class='ocrx_word' id='word_1_124' title='bbox 406 1538 489 1606; x_wconf 80' lang='lat' dir='ltr'>Cum</span> <span class='ocrx_word' id='word_1_125' title='bbox 517 1545 624 1605; x_wconf 79' lang='lat' dir='ltr'>sutem</span> <span class='ocrx_word' id='word_1_126' title='bbox 646 1540 799 1608; x_wconf 87' lang='lat' dir='ltr'>Veientes</span> <span class='ocrx_word' id='word_1_127' title='bbox 827 1541 915 1606; x_wconf 89' lang='lat' dir='ltr'>bello</span> <span class='ocrx_word' id='word_1_128' title='bbox 941 1540 1022 1606; x_wconf 86' lang='lat' dir='ltr'>fessi</span> <span class='ocrx_word' id='word_1_129' title='bbox 1052 1542 1203 1626; x_wconf 80' lang='lat' dir='ltr'>legatos1⁵</span> 
     </span>
     <span class='ocr_line' id='line_1_17' title="bbox 171 1624 1172 1714; baseline -0.007 -18"><span class='ocrx_word' id='word_1_130' title='bbox 171 1632 213 1697; x_wconf 85' lang='lat' dir='ltr'>ad</span> <span class='ocrx_word' id='word_1_131' title='bbox 240 1635 388 1696; x_wconf 80' lang='lat' dir='ltr'>senatum</span> <span class='ocrx_word' id='word_1_132' title='bbox 411 1629 591 1714; x_wconf 89' lang='lat' dir='ltr'>misissent,</span> <span class='ocrx_word' id='word_1_133' title='bbox 617 1633 689 1694; x_wconf 89' lang='lat' dir='ltr'>tum</span> <span class='ocrx_word' id='word_1_134' title='bbox 710 1651 750 1694; x_wconf 88' lang='lat' dir='ltr'>ex</span> <span class='ocrx_word' id='word_1_135' title='bbox 771 1629 813 1694; x_wconf 89' lang='lat' dir='ltr'>iis</span> <span class='ocrx_word' id='word_1_136' title='bbox 836 1629 968 1713; x_wconf 87' lang='lat' dir='ltr'>quidam</span> <span class='ocrx_word' id='word_1_137' title='bbox 992 1629 1114 1696; x_wconf 83' lang='lat' dir='ltr'>dixisse</span> <span class='ocrx_word' id='word_1_138' title='bbox 1136 1624 1172 1689; x_wconf 91' lang='lat' dir='ltr'>di·</span> 
     </span>
     <span class='ocr_line' id='line_1_18' title="bbox 171 1713 1173 1802; baseline -0.008 -17"><span class='ocrx_word' id='word_1_139' title='bbox 171 1721 255 1786; x_wconf 90' lang='lat' dir='ltr'>citur</span> <span class='ocrx_word' id='word_1_140' title='bbox 276 1741 344 1785; x_wconf 90' lang='lat' dir='ltr'>non</span> <span class='ocrx_word' id='word_1_141' title='bbox 363 1718 473 1783; x_wconf 88' lang='lat' dir='ltr'>omnia</span> <span class='ocrx_word' id='word_1_142' title='bbox 490 1717 585 1782; x_wconf 91' lang='lat' dir='ltr'>illum</span> <span class='ocrx_word' id='word_1_143' title='bbox 603 1717 809 1802; x_wconf 81' lang='lat' dir='ltr'>transfugam</span> <span class='ocrx_word' id='word_1_144' title='bbox 829 1739 943 1783; x_wconf 88' lang='lat' dir='ltr'>ausum</span> <span class='ocrx_word' id='word_1_145' title='bbox 961 1739 1034 1784; x_wconf 88' lang='lat' dir='ltr'>esse</span> <span class='ocrx_word' id='word_1_146' title='bbox 1054 1713 1173 1784; x_wconf 84' lang='lat' dir='ltr'>senatui</span> 
     </span>
     <span class='ocr_line' id='line_1_19' title="bbox 172 1804 1171 1890; baseline -0.009 -18"><span class='ocrx_word' id='word_1_147' title='bbox 172 1809 290 1890; x_wconf 83' lang='lat' dir='ltr'>dicere3</span> <span class='ocrx_word' id='word_1_148' title='bbox 312 1807 347 1870; x_wconf 93' lang='lat' dir='ltr'>in</span> <span class='ocrx_word' id='word_1_149' title='bbox 369 1807 472 1872; x_wconf 89' lang='lat' dir='ltr'>isdem</span> <span class='ocrx_word' id='word_1_150' title='bbox 495 1807 581 1870; x_wconf 90' lang='lat' dir='ltr'>enim</span> <span class='ocrx_word' id='word_1_151' title='bbox 604 1804 682 1870; x_wconf 82' lang='lat' dir='ltr'>fatis</span> <span class='ocrx_word' id='word_1_152' title='bbox 706 1805 863 1890; x_wconf 88' lang='lat' dir='ltr'>scriptum</span> <span class='ocrx_word' id='word_1_153' title='bbox 881 1805 1036 1874; x_wconf 86' lang='lat' dir='ltr'>Veientes</span> <span class='ocrx_word' id='word_1_154' title='bbox 1061 1805 1171 1869; x_wconf 89' lang='lat' dir='ltr'>habere</span> 
     </span>
     <span class='ocr_line' id='line_1_20' title="bbox 171 1892 1171 1979; baseline -0.006 -20"><span class='ocrx_word' id='word_1_155' title='bbox 171 1894 241 1960; x_wconf 82' lang='lat' dir='ltr'>fore</span> <span class='ocrx_word' id='word_1_156' title='bbox 264 1899 301 1958; x_wconf 87' lang='lat' dir='ltr'>ut</span> <span class='ocrx_word' id='word_1_157' title='bbox 323 1895 415 1959; x_wconf 88' lang='lat' dir='ltr'>brevi</span> <span class='ocrx_word' id='word_1_158' title='bbox 438 1917 459 1958; x_wconf 91' lang='lat' dir='ltr'>a</span> <span class='ocrx_word' id='word_1_159' title='bbox 481 1893 585 1960; x_wconf 76' lang='lat' dir='ltr'>Gallis</span> <span class='ocrx_word' id='word_1_160' title='bbox 608 1892 714 1958; x_wconf 87' lang='lat' dir='ltr'>Roma</span> <span class='ocrx_word' id='word_1_161' title='bbox 737 1898 915 1978; x_wconf 87' lang='lat' dir='ltr'>caperetur,</span> <span class='ocrx_word' id='word_1_162' title='bbox 940 1895 1027 1979; x_wconf 90' lang='lat' dir='ltr'>quod</span> <span class='ocrx_word' id='word_1_163' title='bbox 1052 1892 1171 1978; x_wconf 90' lang='lat' dir='ltr'>quiden</span> 
     </span>
     <span class='ocr_line' id='line_1_21' title="bbox 119 1980 1199 2134; baseline -0.002 -86"><span class='ocrx_word' id='word_1_164' title='bbox 119 1981 323 2134; x_wconf 53' lang='lat' dir='ltr'>45⁸⁰¹egmi⁰</span> <span class='ocrx_word' id='word_1_165' title='bbox 346 1985 422 2082; x_wconf 82' lang='lat' dir='ltr'>post</span> <span class='ocrx_word' id='word_1_166' title='bbox 444 1980 543 2085; x_wconf 77' lang='lat' dir='ltr'>Veios</span> <span class='ocrx_word' id='word_1_167' title='bbox 566 1981 835 2084; x_wconf 32' lang='lat' dir='ltr'>captos-&#39;factum&#39;</span> <span class='ocrx_word' id='word_1_168' title='bbox 848 1982 1099 2084; x_wconf 26' lang='lat' dir='ltr'>essenuidemus.</span> <span class='ocrx_word' id='word_1_169' title='bbox 1180 1987 1199 2028; x_wconf 59' lang='grc' dir='ltr'>’θ</span> 
     </span>
     <span class='ocr_line' id='line_1_22' title="bbox 121 2068 1170 2225; baseline -0.007 0"><span class='ocrx_word' id='word_1_170' title='bbox 121 2068 837 2225; x_wconf 49' lang='lat' dir='ltr'>1sternereturUitru</span> <span class='ocrx_word' id='word_1_171' title='bbox 845 2071 964 2224; x_wconf 69' lang='lat' dir='ltr'>tttt</span> <span class='ocrx_word' id='word_1_172' title='bbox 977 2073 1067 2224; x_wconf 65' lang='lat'>223?</span> <span class='ocrx_word' id='word_1_173' title='bbox 1075 2069 1170 2222; x_wconf 72' lang='lat' dir='ltr'>st</span> 
     </span>
     <span class='ocr_line' id='line_1_23' title="bbox 171 2238 1170 2332; baseline -0.009 -20"><span class='ocrx_word' id='word_1_174' title='bbox 171 2250 240 2330; x_wconf 83' lang='lat' dir='ltr'>tur3</span> <span class='ocrx_word' id='word_1_175' title='bbox 267 2245 357 2311; x_wconf 89' lang='lat' dir='ltr'>cuius</span> <span class='ocrx_word' id='word_1_176' title='bbox 388 2245 515 2332; x_wconf 89' lang='lat' dir='ltr'>generis</span> <span class='ocrx_word' id='word_1_177' title='bbox 542 2245 605 2311; x_wconf 88' lang='lat' dir='ltr'>duo</span> <span class='ocrx_word' id='word_1_178' title='bbox 634 2246 700 2312; x_wconf 90' lang='lat' dir='ltr'>sint</span> <span class='ocrx_word' id='word_1_179' title='bbox 728 2267 766 2310; x_wconf 90' lang='lat' dir='ltr'>ex</span> <span class='ocrx_word' id='word_1_180' title='bbox 793 2247 905 2312; x_wconf 87' lang='lat' dir='ltr'>multis</span> <span class='ocrx_word' id='word_1_181' title='bbox 934 2247 1097 2332; x_wconf 83' lang='lat' dir='ltr'>exempla,</span> <span class='ocrx_word' id='word_1_182' title='bbox 1123 2238 1170 2306; x_wconf 90' lang='lat' dir='ltr'>sed</span> 
     </span>
     <span class='ocr_line' id='line_1_24' title="bbox 171 2333 1170 2419; baseline -0.01 -17"><span class='ocrx_word' id='word_1_183' title='bbox 171 2356 336 2402; x_wconf 82' lang='lat' dir='ltr'>maxuma:</span> <span class='ocrx_word' id='word_1_184' title='bbox 368 2333 454 2400; x_wconf 87' lang='lat' dir='ltr'>Nam</span> <span class='ocrx_word' id='word_1_185' title='bbox 481 2355 548 2400; x_wconf 91' lang='lat' dir='ltr'>non</span> <span class='ocrx_word' id='word_1_186' title='bbox 569 2334 674 2400; x_wconf 88' lang='lat' dir='ltr'>multo</span> <span class='ocrx_word' id='word_1_187' title='bbox 698 2338 773 2398; x_wconf 86' lang='lat' dir='ltr'>ante</span> <span class='ocrx_word' id='word_1_188' title='bbox 796 2335 909 2400; x_wconf 87' lang='lat' dir='ltr'>urbem</span> <span class='ocrx_word' id='word_1_189' title='bbox 932 2339 1065 2419; x_wconf 78' lang='lat' dir='ltr'>captam</span> <span class='ocrx_word' id='word_1_190' title='bbox 1088 2351 1170 2397; x_wconf 84' lang='lat' dir='ltr'>exau·</span> 
     </span>
     <span class='ocr_line' id='line_1_25' title="bbox 172 2416 1197 2505; baseline -0.009 -17"><span class='ocrx_word' id='word_1_191' title='bbox 172 2423 242 2489; x_wconf 84' lang='lat' dir='ltr'>dits</span> <span class='ocrx_word' id='word_1_192' title='bbox 270 2445 334 2490; x_wconf 84' lang='lat' dir='ltr'>vox</span> <span class='ocrx_word' id='word_1_193' title='bbox 361 2426 411 2488; x_wconf 88' lang='lat' dir='ltr'>est</span> <span class='ocrx_word' id='word_1_194' title='bbox 438 2444 459 2488; x_wconf 88' lang='lat' dir='ltr'>a</span> <span class='ocrx_word' id='word_1_195' title='bbox 484 2422 558 2489; x_wconf 87' lang='lat' dir='ltr'>luco</span> <span class='ocrx_word' id='word_1_196' title='bbox 580 2421 714 2505; x_wconf 86' lang='lat' dir='ltr'>Vestae,</span> <span class='ocrx_word' id='word_1_197' title='bbox 744 2422 800 2505; x_wconf 94' lang='lat' dir='ltr'>qui</span> <span class='ocrx_word' id='word_1_198' title='bbox 827 2420 989 2488; x_wconf 85' lang='lat' dir='ltr'>aPalatii</span> <span class='ocrx_word' id='word_1_199' title='bbox 1016 2422 1122 2488; x_wconf 88' lang='lat' dir='ltr'>radice</span> <span class='ocrx_word' id='word_1_200' title='bbox 1141 2416 1197 2479; x_wconf 81' lang='lat' dir='ltr'>iu²⁵</span> 
     </span>
     <span class='ocr_line' id='line_1_26' title="bbox 171 2508 1169 2596; baseline -0.01 -18"><span class='ocrx_word' id='word_1_201' title='bbox 171 2534 291 2578; x_wconf 85' lang='lat' dir='ltr'>novem</span> <span class='ocrx_word' id='word_1_202' title='bbox 322 2511 410 2577; x_wconf 87' lang='lat' dir='ltr'>viam</span> <span class='ocrx_word' id='word_1_203' title='bbox 436 2509 574 2576; x_wconf 87' lang='lat' dir='ltr'>devexus</span> <span class='ocrx_word' id='word_1_204' title='bbox 602 2514 666 2593; x_wconf 89' lang='lat' dir='ltr'>est,</span> <span class='ocrx_word' id='word_1_205' title='bbox 697 2513 734 2574; x_wconf 89' lang='lat' dir='ltr'>ut</span> <span class='ocrx_word' id='word_1_206' title='bbox 762 2510 847 2575; x_wconf 92' lang='lat' dir='ltr'>muri</span> <span class='ocrx_word' id='word_1_207' title='bbox 872 2514 905 2575; x_wconf 91' lang='lat' dir='ltr'>et</span> <span class='ocrx_word' id='word_1_208' title='bbox 931 2514 1046 2596; x_wconf 89' lang='lat' dir='ltr'>portae</span> <span class='ocrx_word' id='word_1_209' title='bbox 1074 2508 1169 2574; x_wconf 76' lang='lat' dir='ltr'>refice</span> 
     </span>
     <span class='ocr_line' id='line_1_27' title="bbox 173 2597 1207 2693; baseline -0.007 -28"><span class='ocrx_word' id='word_1_210' title='bbox 173 2603 298 2684; x_wconf 74' lang='lat' dir='ltr'>rantur,</span> <span class='ocrx_word' id='word_1_211' title='bbox 326 2599 473 2665; x_wconf 87' lang='lat' dir='ltr'>futurum</span> <span class='ocrx_word' id='word_1_212' title='bbox 501 2620 585 2682; x_wconf 90' lang='lat' dir='ltr'>esse,</span> <span class='ocrx_word' id='word_1_213' title='bbox 613 2597 678 2663; x_wconf 89' lang='lat' dir='ltr'>nisi</span> <span class='ocrx_word' id='word_1_214' title='bbox 699 2598 867 2683; x_wconf 80' lang='lat' dir='ltr'>provisum</span> <span class='ocrx_word' id='word_1_215' title='bbox 890 2602 988 2681; x_wconf 88' lang='lat' dir='ltr'>esset,</span> <span class='ocrx_word' id='word_1_216' title='bbox 1015 2602 1055 2664; x_wconf 91' lang='lat' dir='ltr'>ut</span> <span class='ocrx_word' id='word_1_217' title='bbox 1076 2597 1169 2663; x_wconf 84' lang='lat' dir='ltr'>Roma</span> <span class='ocrx_word' id='word_1_218' title='bbox 1206 2667 1207 2693; x_wconf 48' lang='lat'>,</span> 
     </span>
     <span class='ocr_line' id='line_1_28' title="bbox 173 2682 1207 2772; baseline -0.008 -18"><span class='ocrx_word' id='word_1_219' title='bbox 173 2691 350 2772; x_wconf 81' lang='lat' dir='ltr'>caperetur.</span> <span class='ocrx_word' id='word_1_220' title='bbox 392 2686 484 2763; x_wconf 81' lang='lat' dir='ltr'>Quod</span> <span class='ocrx_word' id='word_1_221' title='bbox 505 2688 691 2772; x_wconf 88' lang='lat' dir='ltr'>neglectum</span> <span class='ocrx_word' id='word_1_222' title='bbox 712 2689 799 2770; x_wconf 87' lang='lat' dir='ltr'>tum,</span> <span class='ocrx_word' id='word_1_223' title='bbox 816 2708 889 2752; x_wconf 92' lang='lat' dir='ltr'>cum</span> <span class='ocrx_word' id='word_1_224' title='bbox 912 2687 1018 2752; x_wconf 87' lang='lat' dir='ltr'>caveri</span> <span class='ocrx_word' id='word_1_225' title='bbox 1041 2682 1168 2771; x_wconf 82' lang='lat' dir='ltr'>poterat,</span> <span class='ocrx_word' id='word_1_226' title='bbox 1206 2697 1207 2736; x_wconf 62' lang='lat' dir='ltr'>t</span> 
     </span>
     <span class='ocr_line' id='line_1_29' title="bbox 173 2770 1166 2861; baseline -0.005 -22"><span class='ocrx_word' id='word_1_227' title='bbox 173 2780 249 2861; x_wconf 87' lang='lat' dir='ltr'>post</span> <span class='ocrx_word' id='word_1_228' title='bbox 276 2780 441 2860; x_wconf 87' lang='lat' dir='ltr'>acceptam</span> <span class='ocrx_word' id='word_1_229' title='bbox 463 2774 557 2841; x_wconf 88' lang='lat' dir='ltr'>illam</span> <span class='ocrx_word' id='word_1_230' title='bbox 582 2774 757 2840; x_wconf 86' lang='lat' dir='ltr'>maximam</span> <span class='ocrx_word' id='word_1_231' title='bbox 780 2774 904 2839; x_wconf 87' lang='lat' dir='ltr'>cladem</span> <span class='ocrx_word' id='word_1_232' title='bbox 926 2775 1093 2859; x_wconf 87' lang='lat' dir='ltr'>expiatum</span> <span class='ocrx_word' id='word_1_233' title='bbox 1113 2770 1166 2847; x_wconf 81' lang='lat' dir='ltr'>est3</span> 
     </span>
     <span class='ocr_line' id='line_1_30' title="bbox 173 2862 1207 2947; baseline -0.008 -19"><span class='ocrx_word' id='word_1_234' title='bbox 173 2884 232 2928; x_wconf 85' lang='lat' dir='ltr'>ars</span> <span class='ocrx_word' id='word_1_235' title='bbox 254 2863 340 2926; x_wconf 90' lang='lat' dir='ltr'>enim</span> <span class='ocrx_word' id='word_1_236' title='bbox 362 2863 425 2928; x_wconf 85' lang='lat' dir='ltr'>Aio</span> <span class='ocrx_word' id='word_1_237' title='bbox 447 2862 622 2946; x_wconf 88' lang='lat' dir='ltr'>Loquenti,</span> <span class='ocrx_word' id='word_1_238' title='bbox 649 2883 747 2946; x_wconf 85' lang='lat' dir='ltr'>quam</span> <span class='ocrx_word' id='word_1_239' title='bbox 770 2866 918 2947; x_wconf 78' lang='lat' dir='ltr'>saeptam</span> <span class='ocrx_word' id='word_1_240' title='bbox 939 2862 1100 2944; x_wconf 84' lang='lat' dir='ltr'>videmus,</span> <span class='ocrx_word' id='word_1_241' title='bbox 1125 2863 1207 2944; x_wconf 36' lang='lat' dir='ltr'>eii-³⁰,</span> 
     </span>
     <span class='ocr_line' id='line_1_31' title="bbox 175 2945 1207 3034; baseline -0.009 -18"><span class='ocrx_word' id='word_1_242' title='bbox 175 2948 327 3016; x_wconf 80' lang='lat' dir='ltr'>adversus</span> <span class='ocrx_word' id='word_1_243' title='bbox 365 2970 438 3015; x_wconf 92' lang='lat' dir='ltr'>eum</span> <span class='ocrx_word' id='word_1_244' title='bbox 474 2950 582 3015; x_wconf 87' lang='lat' dir='ltr'>locum</span> <span class='ocrx_word' id='word_1_245' title='bbox 613 2953 800 3017; x_wconf 84' lang='lat' dir='ltr'>consecrata</span> <span class='ocrx_word' id='word_1_246' title='bbox 832 2954 890 3015; x_wconf 87' lang='lat' dir='ltr'>est.</span> <span class='ocrx_word' id='word_1_247' title='bbox 939 2949 1048 3034; x_wconf 80' lang='lat' dir='ltr'>Atque</span> <span class='ocrx_word' id='word_1_248' title='bbox 1080 2945 1166 3014; x_wconf 84' lang='lat' dir='ltr'>etiam</span> <span class='ocrx_word' id='word_1_249' title='bbox 1206 2959 1207 3024; x_wconf 62' lang='lat' dir='ltr'>t</span> 
     </span>
     <span class='ocr_line' id='line_1_32' title="bbox 173 3029 1207 3121; baseline -0.009 -17"><span class='ocrx_word' id='word_1_250' title='bbox 173 3037 331 3121; x_wconf 90' lang='lat' dir='ltr'>scriptum</span> <span class='ocrx_word' id='word_1_251' title='bbox 354 3058 375 3101; x_wconf 87' lang='lat' dir='ltr'>a</span> <span class='ocrx_word' id='word_1_252' title='bbox 396 3037 510 3104; x_wconf 90' lang='lat' dir='ltr'>multis</span> <span class='ocrx_word' id='word_1_253' title='bbox 533 3041 593 3121; x_wconf 90' lang='lat' dir='ltr'>est,</span> <span class='ocrx_word' id='word_1_254' title='bbox 615 3059 688 3104; x_wconf 92' lang='lat' dir='ltr'>cum</span> <span class='ocrx_word' id='word_1_255' title='bbox 708 3041 814 3102; x_wconf 87' lang='lat' dir='ltr'>terrac</span> <span class='ocrx_word' id='word_1_256' title='bbox 833 3042 941 3105; x_wconf 90' lang='lat' dir='ltr'>motus</span> <span class='ocrx_word' id='word_1_257' title='bbox 959 3037 1065 3104; x_wconf 83' lang='lat' dir='ltr'>factus</span> <span class='ocrx_word' id='word_1_258' title='bbox 1084 3032 1165 3110; x_wconf 85' lang='lat' dir='ltr'>esset,</span> <span class='ocrx_word' id='word_1_259' title='bbox 1206 3029 1207 3106; x_wconf 67' lang='lat' dir='ltr'>t</span> 
     </span>
     <span class='ocr_line' id='line_1_33' title="bbox 173 3117 1164 3211; baseline -0.008 -19"><span class='ocrx_word' id='word_1_260' title='bbox 173 3128 211 3193; x_wconf 91' lang='lat' dir='ltr'>ut</span> <span class='ocrx_word' id='word_1_261' title='bbox 234 3146 290 3191; x_wconf 89' lang='lat' dir='ltr'>sue</span> <span class='ocrx_word' id='word_1_262' title='bbox 313 3124 410 3211; x_wconf 85' lang='lat' dir='ltr'>plena</span> <span class='ocrx_word' id='word_1_263' title='bbox 430 3125 618 3209; x_wconf 87' lang='lat' dir='ltr'>procuratio</span> <span class='ocrx_word' id='word_1_264' title='bbox 636 3126 739 3209; x_wconf 90' lang='lat' dir='ltr'>fieret,</span> <span class='ocrx_word' id='word_1_265' title='bbox 761 3147 872 3192; x_wconf 80' lang='lat' dir='ltr'>vocem</span> <span class='ocrx_word' id='word_1_266' title='bbox 892 3127 933 3192; x_wconf 88' lang='lat' dir='ltr'>ab</span> <span class='ocrx_word' id='word_1_267' title='bbox 953 3126 1029 3192; x_wconf 91' lang='lat' dir='ltr'>aede</span> <span class='ocrx_word' id='word_1_268' title='bbox 1045 3117 1164 3190; x_wconf 78' lang='lat' dir='ltr'>Iunonis</span> 
     </span>
     <span class='ocr_line' id='line_1_34' title="bbox 157 3212 1207 3299; baseline -0.01 -18"><span class='ocrx_word' id='word_1_269' title='bbox 157 3236 214 3284; x_wconf 80' lang='lat' dir='ltr'>‚ex</span> <span class='ocrx_word' id='word_1_270' title='bbox 237 3235 309 3280; x_wconf 83' lang='lat' dir='ltr'>arce</span> <span class='ocrx_word' id='word_1_271' title='bbox 331 3212 492 3296; x_wconf 78' lang='lat' dir='ltr'>extitisse3</span> <span class='ocrx_word' id='word_1_272' title='bbox 515 3213 664 3296; x_wconf 90' lang='lat' dir='ltr'>quocirca</span> <span class='ocrx_word' id='word_1_273' title='bbox 685 3213 841 3280; x_wconf 89' lang='lat' dir='ltr'>Iunonem</span> <span class='ocrx_word' id='word_1_274' title='bbox 864 3215 958 3280; x_wconf 90' lang='lat' dir='ltr'>illam</span> <span class='ocrx_word' id='word_1_275' title='bbox 980 3213 1163 3299; x_wconf 84' lang='lat' dir='ltr'>appellatam</span> <span class='ocrx_word' id='word_1_276' title='bbox 1206 3257 1207 3280; x_wconf 22' lang='grc' dir='ltr'>ἒ</span> 
     </span>
     <span class='ocr_line' id='line_1_35' title="bbox 173 3291 1207 3387; baseline -0.009 -21"><span class='ocrx_word' id='word_1_277' title='bbox 173 3301 348 3366; x_wconf 81' lang='lat' dir='ltr'>Monetam.</span> <span class='ocrx_word' id='word_1_278' title='bbox 384 3300 473 3366; x_wconf 82' lang='lat' dir='ltr'>Haec</span> <span class='ocrx_word' id='word_1_279' title='bbox 490 3300 593 3384; x_wconf 87' lang='lat' dir='ltr'>igitur</span> <span class='ocrx_word' id='word_1_280' title='bbox 610 3303 644 3364; x_wconf 93' lang='lat' dir='ltr'>et</span> <span class='ocrx_word' id='word_1_281' title='bbox 662 3322 682 3365; x_wconf 86' lang='lat' dir='ltr'>a</span> <span class='ocrx_word' id='word_1_282' title='bbox 700 3301 749 3366; x_wconf 88' lang='lat' dir='ltr'>dis</span> <span class='ocrx_word' id='word_1_283' title='bbox 768 3302 952 3387; x_wconf 87' lang='lat' dir='ltr'>significata</span> <span class='ocrx_word' id='word_1_284' title='bbox 970 3305 1003 3366; x_wconf 93' lang='lat' dir='ltr'>et</span> <span class='ocrx_word' id='word_1_285' title='bbox 1021 3291 1207 3384; x_wconf 43' lang='lat' dir='ltr'>anostriss}</span> 
     </span>
     <span class='ocr_line' id='line_1_36' title="bbox 175 3387 1207 3454; baseline -0.002 0"><span class='ocrx_word' id='word_1_286' title='bbox 175 3389 352 3454; x_wconf 79' lang='lat' dir='ltr'>maioribus</span> <span class='ocrx_word' id='word_1_287' title='bbox 375 3388 518 3453; x_wconf 88' lang='lat' dir='ltr'>iudicata</span> <span class='ocrx_word' id='word_1_288' title='bbox 540 3387 798 3454; x_wconf 73' lang='lat' dir='ltr'>contemnimus?</span> <span class='ocrx_word' id='word_1_289' title='bbox 1206 3401 1207 3416; x_wconf 59' lang='lat'><strong>³</strong></span> 
     </span>
    </p>
   </div>
   <div class='ocr_carea' id='block_1_4' title="bbox 124 3463 1207 3563">
    <p class='ocr_par' dir='ltr' id='par_1_4' title="bbox 124 3463 1207 3563">
     <span class='ocr_line' id='line_1_37' title="bbox 124 3463 1207 3563; baseline 0.006 -27"><span class='ocrx_word' id='word_1_290' title='bbox 124 3486 174 3536; x_wconf 78' lang='lat'>102</span> <span class='ocrx_word' id='word_1_291' title='bbox 240 3473 353 3558; x_wconf 85' lang='lat' dir='ltr'>Neque</span> <span class='ocrx_word' id='word_1_292' title='bbox 378 3475 485 3541; x_wconf 90' lang='lat' dir='ltr'>solum</span> <span class='ocrx_word' id='word_1_293' title='bbox 508 3473 640 3538; x_wconf 90' lang='lat' dir='ltr'>deorum</span> <span class='ocrx_word' id='word_1_294' title='bbox 662 3496 757 3541; x_wconf 77' lang='lat' dir='ltr'>voces</span> <span class='ocrx_word' id='word_1_295' title='bbox 779 3476 981 3563; x_wconf 83' lang='lat' dir='ltr'>Pythagorei</span> <span class='ocrx_word' id='word_1_296' title='bbox 1003 3471 1162 3544; x_wconf 74' lang='lat' dir='ltr'>observits</span> <span class='ocrx_word' id='word_1_297' title='bbox 1206 3463 1207 3492; x_wconf 54' lang='lat'><em>⁴</em></span> 
     </span>
    </p>
   </div>
   <div class='ocr_carea' id='block_1_5' title="bbox 0 0 1247 3934">
    <p class='ocr_par' dir='ltr' id='par_1_5' title="bbox 0 0 1247 3934">
     <span class='ocr_line' id='line_1_38' title="bbox 0 0 1247 3934; baseline 0 0"><span class='ocrx_word' id='word_1_298' title='bbox 0 0 1247 3934; x_wconf 95' lang='lat' dir='ltr'> </span> 
     </span>
    </p>
   </div>
  </div>
 </body>
</html>
