2478 3936
281 121 370 178 ΜΒ.
389 122 424 178 11.
451 121 526 178 CAP.
546 129 657 178 ae-ao,
682 129 697 190 5
717 129 829 178 u-rr.
1027 123 1069 189 73

86 263 228 349 limatum,
260 265 317 329 sed
343 287 416 330 eum
443 266 477 330 in
503 266 646 350 reliquos
673 271 812 350 vestros,
842 270 912 331 tum
940 267 973 330 in
997 289 1069 331 eum

86 352 213 437 maxime,
237 353 292 436 qui
314 353 379 417 ista
400 354 536 440 peperit,
557 355 722 420 hominem
741 359 810 419 sine
829 360 907 438 arte,
930 356 999 420 sina
1018 355 1070 418 lit·

85 441 159 525 teris,
184 442 395 506 insultantem
424 443 458 506 in
485 464 610 528 omnes,
639 445 708 506 sine
732 443 877 508 acumine
899 444 977 526 ullo,
1000 443 1070 507 sine
1101 500 1123 558 Ο

84 530 269 612 auctoritato,
291 529 360 593 sine
384 530 502 614 lepore.
542 529 623 596 Dico
646 531 748 616 igitur
770 531 975 616 providentia
997 501 1127 625 deo-375

65 637 141 680 arum
165 617 319 681 mundum
346 621 379 682 et
406 639 517 682 omues
544 619 655 683 mundi
682 623 791 704 partes
820 623 853 684 et
879 620 974 684 initio
997 640 1070 684 con·

82 704 197 769 stitutus
225 725 297 770 esse
324 708 358 770 et
385 707 473 770 omni
500 710 647 792 tempore
669 707 903 789 administrari3
935 729 1070 791 eamque

81 791 317 876 disputationem
339 793 401 858 tris
423 794 458 857 in
480 798 590 878 partes
608 795 713 859 nostri
730 795 798 859 iere
817 795 972 879 dividunt,
994 818 1070 880 qua·

80 900 138 944 rum
158 882 267 966 prime
287 903 364 965 pars
384 886 443 965 est,
467 905 548 965 quae
566 882 693 949 ducitur
711 883 752 947 ab
772 905 810 947 ca
827 887 964 968 ratione,
988 905 1070 965 quae

79 966 158 1032 docet
178 991 251 1034 csse
274 969 365 1054 deos3
388 992 452 1054 quo
475 991 626 1036 concesso
649 972 867 1036 confitendum
890 975 940 1035 est
958 993 1069 1035 eorum

53 1057 199 1123 reconsilio
229 1057 386 1122 mundum
418 1058 647 1123 administrari.
698 1057 843 1124 Secunda
875 1063 925 1123 est
953 1061 1070 1141 autem,

80 1165 147 1227 quae
168 1146 264 1212 docet
285 1167 396 1211 omnes
414 1167 466 1210 res
486 1147 646 1212 subiectas
666 1169 736 1212 esse
753 1151 890 1212 naturae
909 1147 1070 1231 sentienti,

78 1233 110 1296 ab
130 1256 230 1319 eaque
254 1235 364 1299 omnia
384 1234 609 1319 pulcherrume
632 1235 716 1321 geri,
739 1257 802 1319 quo
826 1237 1004 1301 constituto
1024 1257 1074 1301 se

79 1321 172 1403 quitur
207 1323 249 1388 ab
282 1323 501 1388 animantibus
533 1324 700 1408 principiis
732 1345 771 1388 ea
803 1345 874 1389 esse
906 1328 1074 1411 generata..

78 1408 193 1476 Tertius
222 1414 274 1474 est
300 1412 403 1495 locus,
432 1413 487 1495 qui
515 1412 641 1477 ducitur
664 1433 702 1476 ex
726 1413 940 1478 admiratione
962 1434 1074 1478 rerum

52 1499 256 1563 ucaelestium
279 1504 376 1582 atque
398 1500 610 1565 terrestrium.

149 1587 299 1651 Primum
321 1587 423 1673 igitur
441 1592 498 1652 aut
514 1587 698 1673 negandum
716 1592 768 1652 est
786 1609 856 1652 esse
875 1588 961 1671 deos,
985 1589 1072 1672 quod
1090 1608 1127 1656 rs

77 1677 103 1737 et
120 1674 327 1741 Democritus
354 1675 528 1740 simulacra
557 1680 591 1741 et
611 1675 773 1760 Epicurus
799 1676 958 1761 imagines
981 1675 1073 1739 indu·

76 1783 139 1828 cens
156 1763 300 1848 quodam
317 1767 413 1848 pacto
431 1767 539 1849 negat,
558 1767 623 1847 aut,
643 1763 699 1846 qui
712 1763 789 1828 deos
803 1785 874 1827 esso
888 1763 1072 1847 concedant,

76 1849 107 1914 iis
126 1850 297 1917 fatendum
319 1856 370 1916 est
392 1872 447 1916 eos
471 1852 593 1935 aliquid
612 1872 717 1937 agere,
740 1852 834 1935 idque
853 1852 1072 1935 praeclarum3

51 1938 146 2003 ruhi!
178 1943 231 2004 est
263 1943 372 2004 autem
404 1940 601 2024 praeclarius
633 1940 745 2003 mundi
777 1940 1072 2023 administratione3

77 2025 198 2092 deorum
225 2027 330 2111 igitur
352 2029 488 2092 consilio
510 2027 765 2093 administratur.
811 2027 902 2103 Quod
925 2028 953 2092 si
976 2028 1072 2093 aliter

77 2119 125 2199 eat,
146 2116 274 2199 aliquid
295 2115 440 2200 profecto
464 2116 509 2180 sit
530 2137 659 2180 necesse
683 2120 733 2180 est
756 2117 871 2196 melius
895 2121 928 2180 et
950 2117 1072 2183 maiore

76 2203 103 2265 ri
126 2204 311 2288 praeditum
338 2225 435 2287 quam
458 2204 549 2288 deus,
579 2205 675 2287 quale
697 2203 731 2268 id
753 2226 889 2288 cumque
912 2208 975 2288 est,
1005 2205 1072 2268 sive

76 2288 211 2357 inanima
232 2294 352 2356 natura
370 2291 438 2356 sive
454 2292 633 2358 necessitas
650 2292 684 2356 vi
701 2313 822 2378 magna
839 2292 976 2357 incitata
992 2292 1073 2356 haec

50 2379 288 2460 *pulcherrima
314 2401 413 2464 opera
436 2379 590 2464 efficiens,
619 2401 701 2465 quae
723 2381 878 2446 videmus.
923 2377 999 2443 Non
1022 2382 1073 2442 est
1092 2395 1127 2443 rr

76 2465 167 2550 igitur
191 2471 311 2533 natura
334 2468 467 2534 deorum
488 2474 682 2555 praepotens
705 2489 809 2551 neque
832 2466 1005 2549 excellens,
1033 2466 1072 2530 si·

77 2555 196 2636 quidem
219 2578 259 2620 ea
281 2555 427 2622 subiecta
450 2561 501 2622 est
523 2558 553 2622 ei
575 2558 627 2622 vel
649 2555 836 2621 necessitati
858 2555 911 2619 vel
928 2556 1072 2637 naturae,

77 2662 130 2724 qua
152 2645 292 2727 caelum,
320 2645 437 2729 maria,
459 2649 566 2710 terrae
588 2648 758 2730 regantur,
785 2643 869 2708 nihil
892 2646 942 2707 est
965 2647 1072 2708 autem

76 2732 287 2811 praestantius
316 2733 389 2816 deo;
419 2733 460 2798 ab
489 2755 527 2798 eo
555 2733 658 2818 igitur
685 2732 840 2796 mundum
866 2752 996 2796 necesse
1023 2733 1074 2795 est

49 2821 144 2905 wrogi.
181 2819 278 2885 Nulli
299 2821 402 2907 igitur
420 2825 470 2886 est
488 2824 623 2885 naturae
642 2819 815 2885 oboediens
835 2823 891 2885 aut
910 2820 1073 2886 subiectus

77 2904 156 2993 daus,
189 2929 319 2974 omnem
351 2930 429 2995 ergo
462 2909 548 2994 regit
578 2909 649 2993 ipse
679 2912 839 2974 naturam.
884 2908 1016 2974 Etenim
1046 2909 1075 2972 si

77 2996 270 3062 concedimus
292 2997 520 3082 intellegentes
544 3017 614 3062 esse
637 2997 726 3080 deos,
750 2995 951 3062 concedimus
974 2997 1074 3092 etiam

77 3085 284 3169 providentes,
298 3087 331 3150 et
344 3106 452 3150 rerum
467 3085 596 3169 quidem
610 3107 842 3151 maxumarum.
864 3086 954 3170 Flrgo
964 3087 1076 3148 utrum

78 3168 236 3256 ignorant,
264 3195 346 3258 quae
374 3193 426 3238 res
449 3195 618 3238 maxumae
642 3173 720 3256 sint,
748 3195 875 3257 quoque
899 3193 955 3235 eae
978 3169 1074 3233 modo

50 3259 256 3326 8⁵tractandae
279 3266 312 3326 et
330 3261 477 3345 tuendae,
501 3283 543 3326 an
559 3260 626 3326 vim
644 3282 711 3325 non
728 3261 859 3342 habent,
883 3279 946 3340 qua
964 3259 1076 3320 tantas

78 3365 121 3411 res
139 3349 323 3415 sustineant
340 3354 374 3414 et
393 3351 530 3436 gerant?
562 3349 609 3413 At
624 3353 657 3413 et
671 3349 834 3434 ignoratio
849 3366 955 3409 rerum
969 3343 1077 3408 aliena

79 3439 202 3502 naturae
235 3439 368 3504 deorum
401 3441 464 3522 cst,
496 3442 529 3502 at
562 3436 741 3500 sustinendi
773 3433 914 3498 muneris
941 3434 1077 3515 propter
