2510 3936
331 146 398 203 ΜΒ.
417 148 452 203 Π,
472 146 548 204 OAP.
569 154 681 204 11-13.
700 155 716 215 s
736 154 848 205 ee-er.
1022 151 1088 216 417

11 327 13 336 ν
78 291 183 358 sacris
206 290 335 376 publice
357 291 512 377 praesint,
535 291 688 378 religioni
709 292 857 379 privatae
880 293 961 358 salis
984 293 1090 360 facere
1148 372 1151 376 ¹

78 401 148 446 non
174 378 315 465 possint,
343 379 488 445 conlinel
511 380 597 446 enim
619 403 689 446 rem
711 381 876 467 publicam
899 383 1034 448 consilio
1058 387 1091 447 el

80 468 278 535 auctoritate
322 467 531 553 oplimalium
572 489 699 554 semper
739 471 897 556 populum
937 471 1091 557 indigere.

80 556 325 642 Discriplioque
347 557 551 624 sacerdotum
573 557 701 624 nullum
723 559 829 624 iustae
850 559 1019 646 religionis
1039 581 1092 646 ge

53 668 143 713 snus
171 641 414 730 preelermillil.
457 644 545 712 Nam
572 651 649 712 sunl
671 646 714 712 ad
735 647 910 732 placandos
935 648 1011 714 deos
1035 648 1093 713 alii

81 734 267 819 oonsliluli,
295 735 351 818 qui
378 733 478 800 saone
505 735 651 821 praesint
677 735 904 819 sollemnibus,
931 737 973 802 ad
994 737 1092 802 inler-

80 821 242 909 prelanda
269 823 326 888 alii
352 823 519 909 praediola
544 824 671 890 vatium
698 845 802 909 neque
828 825 1020 908 mullorum,
1051 847 1092 890 ne

81 916 171 978 essel
197 911 375 996 infinitum,
401 933 505 996 neque
527 915 565 977 ul
588 934 626 978 ca
648 912 734 998 ipsa,
757 935 840 997 (luae
862 917 1014 998 suscepta
1036 937 1092 999 pu-

81 1001 168 1066 blice
192 1003 308 1084 essent,
332 1000 504 1084 quisquam
527 1005 620 1066 extra
638 1001 822 1086 conlegium
839 1005 960 1066 nosset.
992 1001 1092 1066 Maxi·
1110 1018 1142 1068 31

42 1110 68 1149 10
82 1111 172 1156 mum
197 1092 307 1154 aulem
330 1092 364 1154 ei
381 1089 700 1174 praestantissimum
717 1089 752 1154 in
769 1112 806 1154 re
823 1090 955 1175 publica
972 1089 1023 1154 ius
1043 1094 1094 1155 est

82 1199 244 1264 augurum
276 1198 349 1244 cum
380 1178 576 1244 auclorilale
608 1178 824 1246 coniunctum.
873 1177 987 1263 Neque
1015 1200 1093 1244 vero

81 1268 159 1350 hoc,
191 1265 268 1350 quia
294 1286 367 1330 sum
393 1265 462 1350 ipse
490 1289 607 1353 augur,
638 1267 687 1331 ila
713 1267 832 1351 senbio,
861 1267 917 1332 sed
945 1267 1020 1352 quia
1047 1267 1094 1333 sic

82 1355 270 1420 existimare
291 1375 352 1420 nos
375 1357 426 1419 esl
448 1375 587 1420 necesse.
632 1353 718 1430 Quid
741 1355 826 1420 enim
848 1356 953 1422 maius
976 1359 1041 1440 est,
1065 1356 1093 1421 si

83 1445 123 1510 de
146 1444 216 1508 iure
239 1442 433 1528 quaerimus,
456 1465 554 1528 quern
576 1463 673 1528 posse
694 1466 716 1510 a
738 1444 874 1510 summis
897 1444 1042 1531 imperiis
1061 1448 1094 1510 el

43 1552 68 1592 15
83 1531 220 1597 summis
246 1531 466 1616 potestatibus
494 1531 681 1598 comitiolus
709 1536 741 1596 el
768 1533 905 1598 concilia
928 1533 980 1598 vel
1003 1532 1094 1598 insli-

82 1625 159 1686 lula
190 1619 353 1684 dimillere
385 1621 437 1686 vel
469 1619 584 1686 babila
615 1619 818 1686 rescindere?
852 1620 929 1704 quid
961 1621 1093 1706 gravius

83 1731 185 1794 quam
202 1730 272 1774 rem
291 1712 476 1794 susceplam
495 1708 612 1792 dirimi,
635 1707 669 1774 si'
681 1730 764 1774 unus
784 1729 888 1793 augur
907 1706 1002 1773 ‘alio
1020 1708 1094 1775 ἀπ’

82 1796 224 1863 dixeril?
248 1796 325 1880 quid
348 1797 608 1882 magnificentius
628 1819 725 1881 quam
743 1818 840 1882 posse
859 1796 1035 1881 decernere,
1057 1801 1095 1862 ul

82 1886 282 1972 magistratu
301 1906 335 1950 se
349 1885 500 1952 ebdioenl
514 1885 685 1952 consules?
705 1883 782 1970 quid
795 1884 981 1970 religiosius
997 1908 1095 1970 quam

42 1995 69 2036 ιο
84 1997 159 2041 cum
181 1974 317 2059 populo,
343 1995 416 2040 cum
438 1974 534 2060 plebe
558 1973 675 2060 agendi
697 1973 829 2040 iuseul
851 1974 927 2039 dare
950 1977 1007 2039 aul
1030 1996 1096 2040 non

84 2062 185 2129 dare?
208 2062 307 2146 quid?
329 2062 420 2148 leges
441 2084 509 2128 non
526 2063 595 2128 iure
613 2066 747 2149 rogatas
766 2061 895 2146 lollere,
918 2065 955 2128 ul
974 2061 1096 2128 Tiliem

84 2152 215 2218 decreto
243 2150 395 2236 conlegii,
425 2154 462 2215 ul
483 2150 593 2216 Livias
622 2151 758 2217 consilio
780 2149 927 2236 Philippi
954 2151 1095 2217 consulis

84 2244 130 2314 el¹
147 2239 301 2324 auguris?
328 2238 411 2304 nihil
443 2238 543 2323 domi,
575 2239 656 2304 nihil
684 2239 821 2306 militiae
839 2260 902 2325 per
924 2240 1096 2324 megisba

82 2334 139 2394 bus
172 2330 301 2413 gestum
335 2327 406 2394 sine
441 2347 554 2394 eorum
590 2329 783 2394 auctoritate
816 2349 912 2412 posse
947 2328 1097 2412 cuiquam

41 2435 69 2477 ιι
108 2415 240 2483 robori?

83 2441 107 2504 p
153 2505 229 2572 Aru
257 2503 342 2590 Age,
371 2504 438 2570 iam
462 2503 530 2568 isla
557 2504 649 2570 video
676 2502 846 2586 fateorque
870 2523 940 2568 esse
962 2475 1149 2601 magna313‘}

85 2595 145 2661 sed
166 2597 217 2658 esi
234 2593 270 2660 in
288 2593 435 2680 conlegio
454 2595 563 2658 vestro
582 2593 667 2656 inter
685 2591 876 2658 Marcellum
896 2595 928 2656 el
942 2590 1096 2677 Appium,

85 2682 230 2768 optimos
253 2703 401 2768 augures,
424 2701 544 2767 magna
565 2680 722 2746 dissensio
742 2678 833 2764 (nam
851 2700 963 2744 eorum
982 2701 1042 2764 ego
1061 2681 1096 2745 in

84 2773 190 2838 libros
221 2767 348 2854 incidi),
380 2791 479 2854 quom
510 2769 607 2834 alleri
637 2769 764 2854 placeal
791 2766 936 2852 auspicia
962 2767 1028 2832 isle
1055 2769 1097 2833 ad

43 2880 70 2922 oo
84 2859 265 2926 utililalem
284 2879 355 2924 esse
373 2858 421 2923 rei
438 2858 588 2944 publicae
607 2856 796 2943 composita,
812 2855 912 2921 alleri
926 2853 1097 2941 disciplina

84 2952 198 3016 vestra
225 2947 319 3032 quasi
345 2947 489 3012 diuinare
517 2946 664 3012 videalur
691 2966 796 3030 posse.
841 2942 913 3010 Hac
940 2943 1097 3010 ludere

85 3058 208 3124 quaero
232 3037 310 3122 quid
332 3035 462 3102 sentiae.
503 3035 552 3101 M.
574 3033 710 3122 Egone?
734 3032 976 3116 divinationem,
1000 3054 1097 3116 quam

86 3125 204 3192 Graeci
226 3121 389 3210 μαντικήν
412 3123 590 3210 appellant,
614 3143 684 3187 esso
707 3122 822 3206 sentio,
845 3124 878 3186 el
899 3120 995 3185 huius
1014 3120 1099 3187 bano

85 3216 193 3300 ipsam
221 3217 361 3300 perlem,
394 3234 476 3298 quae
504 3215 554 3278 esl
580 3212 615 3276 in
642 3211 756 3277 avibus
779 3209 958 3292 colerisque
982 3208 1098 3294 signis·
1131 3234 1134 3242 ·

42 3322 70 3364 ss
88 3305 178 3388 [que]
194 3302 383 3388 disciplinae
395 3305 536 3376 nostrae.
560 3297 594 3364 Si
609 3299 694 3365 enim
709 3300 785 3366 deos
801 3319 873 3363 esse
886 3296 1098 3381 concedimur,

87 3413 263 3476 eorumque
291 3395 399 3456 mente
426 3389 582 3454 mundum
608 3389 692 3474 regi,
720 3391 753 3452 el
776 3387 906 3453 eosdem
927 3385 1097 3450 hominum

87 3479 255 3546 consulere
283 3479 395 3565 generi
421 3482 456 3544 ei
482 3499 578 3564 posse
604 3477 699 3542 nobis
726 3476 821 3564 signa
843 3496 951 3542 rerum
973 3473 1097 3540 futura-

142 3590 196 3634 oro.
210 3592 252 3634 ιι.
267 3593 286 3634 ι,
848 3585 882 3635 ιι
