2478 3936
166 181 211 244 54
477 180 526 234 DE
544 180 696 234 NATURA
713 179 868 234 DEORUM

166 324 337 408 angustiae
365 327 440 391 ortu
466 328 523 389 aut
550 325 643 390 obitu
665 326 760 390 lunae
783 325 999 390 commoveri?
1027 329 1085 390 aut
1107 347 1173 390 una

165 413 268 476 totius
292 413 374 478 caeli
396 413 604 478 conversione
623 435 735 478 cursus
754 418 916 478 astrorum
935 414 1080 498 dispares
1100 435 1173 478 con-

166 501 311 566 servari?
356 500 446 566 Haec
472 501 521 565 ita
546 501 618 565 fieri
640 502 790 566 omnibus
812 501 898 570 inter
921 523 955 565 se
977 501 1173 566 concinenti-

166 587 227 653 bus
251 590 362 654 mundi
384 589 534 675 partibus
556 589 702 674 profecto
720 611 786 654 non
803 594 946 673 possent,
968 589 1033 653 nisi
1050 612 1090 654 ea
1107 612 1173 654 uno

113 687 148 738 20
167 675 276 742 divino
295 681 328 741 et
346 678 534 744 continuato
553 677 671 762 spiritu
684 678 933 743 continerentur.
965 677 1075 761 Atque
1093 677 1174 742 haec
1201 695 1219 734 ⁵

166 787 238 832 cum
270 764 401 830 uberius
434 766 642 850 disputantur
673 769 706 830 et
736 765 855 848 fusius,
887 763 937 829 ut'
950 765 1032 829 mihi
1061 769 1112 830 cst
1138 767 1175 829 in

166 853 274 918 animo
296 853 412 939 facere,
434 853 562 918 facilius
585 854 746 940 effugiunt
763 853 1030 918 Academicorum
1053 854 1174 918 calum-

164 941 267 1026 niam3
290 965 363 1008 cum
382 947 501 1026 autem,
523 946 560 1007 ut
579 941 664 1006 Zeno
683 942 820 1026 solebat,
837 943 966 1008 brevius
987 942 1175 1026 angustius-

167 1052 228 1114 que
243 1032 486 1115 concluduntur,
501 1035 573 1095 tum
587 1031 751 1116 apertiora
765 1033 840 1094 sunt
855 1030 896 1095 ad
908 1030 1174 1115 reprendendum.

166 1116 253 1182 Nam
275 1123 312 1182 ut
334 1120 497 1204 profluens
518 1119 622 1184 amnis
641 1123 698 1184 aut
715 1119 769 1184 rix
787 1123 844 1183 aut
861 1119 952 1183 nullo
970 1118 1078 1202 modo,
1100 1137 1217 1185 eon-10

166 1206 257 1272 clusa
279 1210 389 1270 autem
406 1229 492 1290 aqua
509 1206 606 1272 facile
624 1207 854 1291 conrumpitur,
876 1207 922 1272 sic
940 1206 1099 1271 orationis
1117 1207 1175 1270 flu-

166 1292 253 1358 mine
280 1295 479 1378 reprensoris
507 1295 652 1361 convicia
679 1295 858 1377 diluuntur,
888 1294 1039 1381 angustia
1064 1298 1174 1359 autem

166 1380 337 1446 conclusae
364 1381 520 1447 orationis
546 1405 614 1449 non
633 1383 730 1449 facilc
752 1405 787 1448 se
809 1383 882 1468 ipsa
902 1387 1037 1448 tutatur.
1083 1382 1175 1448 Haec

167 1469 266 1553 enim,
296 1491 378 1554 quae
408 1469 586 1536 dilatantur
616 1494 636 1537 a
664 1471 772 1555 nobis,
804 1470 890 1535 Zeno
917 1471 963 1536 sic
989 1471 1173 1556 premebat:

113 1537 149 1666 ’ξ
168 1555 290 1633 ‘Quod
322 1559 475 1624 ratione
501 1560 640 1641 utitur,
667 1560 705 1624 id
732 1560 869 1625 melius
900 1564 959 1623 est
986 1581 1098 1643 quam
1120 1559 1173 1643 id,
1187 1575 1212 1616 1⁵

168 1646 268 1732 quod
299 1647 451 1712 ratione
482 1669 557 1713 non
584 1649 724 1732 utitur3
755 1647 855 1712 nihil
883 1652 1008 1714 autem
1033 1647 1173 1712 mundo

166 1734 320 1819 melius,
342 1736 496 1800 ratione
513 1736 638 1822 igitur
655 1736 815 1800 mundus
833 1735 978 1801 utitur?
1015 1733 1174 1800 Similiter

167 1822 252 1888 effici
280 1827 390 1907 potest
420 1825 600 1909 sapientem
627 1846 697 1890 esse
723 1824 891 1908 mundum,
921 1824 1072 1889 similiter
1098 1825 1173 1888 bea·

166 1915 250 1993 tum,
282 1910 432 1976 similiter
464 1916 645 1996 aeternum3
677 1913 785 1979 omnia
814 1913 900 1977 enim
926 1912 1006 1978 haec
1035 1913 1173 1978 meliora

167 2001 243 2064 sunt
262 2018 360 2080 quam
378 2021 424 2083 ea,
447 2021 529 2083 quae
547 2005 624 2066 sunt
642 2001 682 2066 iis
701 2000 852 2084 carentia,
874 2023 933 2065 nec
951 2001 1071 2067 mundo
1086 2002 1172 2085 quic·
1185 2001 1228 2058 20'

167 2106 265 2168 quam
290 2086 421 2170 melius,
448 2109 486 2151 ex
513 2110 577 2171 quo
605 2088 762 2154 efficietur
788 2110 859 2153 esse
885 2089 1041 2154 mundum
1068 2090 1172 2154 deum.

113 2183 147 2234 22
166 2172 320 2255 Idemque
341 2173 404 2238 hoc
427 2175 535 2240 modo:
560 2175 732 2242 ‘Nullius
756 2198 869 2241 sensu
892 2177 1062 2241 carentis
1080 2199 1171 2262 pars

166 2261 299 2343 aliqua
320 2265 452 2345 potest
475 2285 558 2328 esse
582 2265 768 2348 sentiens3
790 2265 919 2329 mundi
941 2269 1068 2330 autern
1086 2288 1172 2351 par-

165 2353 224 2413 tes
261 2349 475 2415 sentientes
511 2356 614 2435 sunt3
649 2375 726 2418 non
759 2353 884 2438 igitur
918 2357 1025 2418 caret
1057 2375 1171 2419 sensu

165 2437 346 2505 mundus?
382 2437 495 2524 Pergit
516 2440 602 2504 idem
625 2444 658 2504 et
676 2445 794 2526 urguet
812 2441 995 2526 angustius:
1019 2440 1171 2526 ‘Nihil',
1184 2457 1210 2499 2⁵

164 2525 287 2609 inquit,
320 2525 435 2610 ‘quod
467 2528 584 2593 animi
615 2529 790 2612 quodque
820 2529 988 2594 rationis
1020 2534 1081 2595 est
1113 2553 1172 2595 er·

164 2635 265 2698 pers,
287 2613 327 2677 id
349 2635 535 2699 generare
558 2638 601 2680 ex
624 2637 663 2680 se
685 2620 816 2701 potest
834 2618 1067 2684 animantem
1086 2641 1171 2685 con·

164 2704 369 2785 potemque
386 2702 568 2786 rationis3
590 2704 750 2769 mundus
769 2709 895 2770 antem
913 2710 1074 2792 generat
1093 2708 1171 2773 ani·

165 2788 307 2852 mantis
353 2794 626 2875 compotesque
670 2793 852 2876 rationis3
896 2794 1070 2860 animans
1114 2800 1170 2861 est

165 2874 289 2958 igitur
320 2877 480 2942 mundus
512 2900 742 2964 composque
773 2881 962 2946 rationis?
1016 2881 1208 2968 Idemqueso

166 2961 390 3047 similitudine,
421 2968 459 3029 ut
491 2986 586 3051 saepe
614 2969 711 3051 solet,
738 2968 899 3035 rationem
925 2972 1085 3036 conclusit
1109 2973 1170 3038 hoc

165 3049 274 3113 modo:
307 3046 363 3112 ‘Si
394 3072 438 3115 ex
468 3052 573 3119 oliva
604 3056 799 3121 modulate
832 3063 1014 3123 canentes
1047 3060 1169 3127 tibiae

164 3141 432 3222 nascerentur,
467 3162 553 3205 num
585 3143 799 3229 dubitares,
831 3146 922 3229 quin
952 3147 1101 3214 inesset
1132 3151 1170 3214 in

166 3225 271 3288 oliva
293 3225 466 3291 tibicinii
484 3231 669 3313 quaedam
687 3232 873 3298 scientia?
906 3233 1014 3318 Quid,
1038 3237 1071 3302 si
1089 3239 1169 3322 pla-

165 3311 250 3375 tani
267 3313 451 3379 fidiculas
465 3315 614 3382 ferrent
627 3341 828 3386 numerose
842 3324 1047 3388 sonantes?
1070 3325 1168 3392 idem
1181 3340 1206 3383 ³⁵

166 3399 318 3464 scilicet
348 3423 524 3467 censeres
553 3405 592 3468 in
621 3406 795 3489 platanis
822 3410 950 3474 inesse
977 3413 1168 3479 musicam

165 3483 240 3551 Cur
273 3487 397 3572 igitur
433 3491 592 3554 mundus
628 3514 702 3558 non
734 3496 906 3561 animans
939 3499 1168 3585 sapiensque
