2510 3936
80 233 83 239 ·
158 218 224 284 408
551 212 601 267 na
618 211 773 267 cramus

159 363 315 449 sapientis
350 361 391 427 ad
427 359 602 426 iubendum
638 360 671 422 61
707 355 749 422 ad
784 355 1011 421 deterrendum
1040 355 1169 422 idonea.

30 455 40 474 '
123 467 140 514 9
160 451 193 532 Q.
212 449 419 536 Aliquotiens
442 448 508 513 iam
528 447 592 510 iste
609 447 699 510 locus
719 467 738 510 a
755 448 789 509 te
803 447 909 508 tactus
929 447 993 528 est3
1017 444 1072 508 sed
1090 448 1169 508 ante
1245 424 1246 502 l

160 561 257 623 quam
285 539 326 604 ad
352 536 526 622 populares
549 536 639 620 leges
662 531 786 616 venias,
808 532 876 597 vim
897 531 993 596 istius
1017 531 1169 597 caelestis
1245 527 1246 536 ’

159 625 241 711 legis
270 625 420 710 explana,
448 624 477 688 si
498 624 619 708 placet,
646 643 686 685 ne
711 624 819 685 aestus
841 640 902 684 nos
926 620 1169 685 consuetudinis

160 714 334 779 absorbeat
357 716 389 778 et
408 711 449 776 ad
467 710 625 777 sermonis
643 729 767 774 morem
785 707 901 773 usitati
918 707 1040 773 trahat.
1069 709 1119 774 M.
1137 707 1169 772 A
1197 729 1210 768 s
1246 735 1247 766 1

159 803 270 887 parvis
289 801 384 885 enim,
402 798 529 883 Quinte,
547 797 715 863 didicimus
735 795 779 862 ‘s1
797 815 834 862 m
851 812 906 862 ms
919 794 1050 862 vocnr'
1071 799 1169 880 atque

160 891 228 955 eius
251 889 340 955 modi
363 886 502 974 ‘leges’
526 887 608 951 alias
628 885 805 950 nominare.
842 881 905 948 Sed
922 905 999 949 vero
1018 883 1170 970 intellegi

161 979 207 1044 sio
230 980 368 1063 oportet,
391 974 508 1041 ethos
531 977 564 1039 et
587 974 652 1039 alia
673 971 763 1038 iussa
786 995 823 1038 ac
846 972 949 1037 vetita
971 973 1169 1057 populorum

160 1067 227 1132 vim
249 1066 370 1131 habere
393 1063 433 1129 ad
456 1067 543 1128 recte
565 1061 654 1127 facta
675 1060 812 1126 vocandi
835 1063 868 1124 et
891 1082 911 1125 a
933 1059 1076 1145 peccatis
1095 1082 1170 1126 avo

161 1153 263 1238 candi,
289 1175 371 1238 quae
393 1152 443 1217 vis
465 1173 532 1216 non
554 1150 650 1216 modo
674 1149 782 1214 senior
803 1151 855 1213 est
877 1171 975 1232 quam
999 1152 1091 1214 aetas
1114 1170 1169 1234 po
1184 1169 1212 1210 1⁰
1247 1167 1248 1208 3

160 1241 311 1327 pulorum
334 1243 367 1304 et
390 1239 585 1322 civitatium,
613 1237 668 1302 sed
691 1236 836 1320 aequalis
858 1237 948 1301 illius
972 1237 1098 1302 caelum
1123 1241 1170 1301 at

108 1345 142 1393 10
162 1351 223 1413 que
249 1332 360 1393 terras
382 1327 504 1391 tuentis
528 1329 562 1389 et
583 1323 728 1413 regentis
751 1324 811 1389 dei.
851 1319 965 1410 Neque
989 1325 1076 1389 enim
1099 1346 1171 1389 esse

160 1437 250 1480 mens
275 1415 383 1506 divina
406 1414 475 1478 sine
497 1413 625 1479 ratione
647 1416 766 1499 potest,
787 1433 846 1478 nec
868 1412 954 1477 ratio
976 1413 1087 1478 divina
1103 1435 1171 1480 non

159 1504 243 1569 hanc
272 1503 340 1569 vim
368 1502 403 1566 in
429 1500 526 1566 rectis
553 1502 727 1586 pravisque
756 1500 935 1566 sanciendis
958 1500 1074 1585 habet,
1101 1523 1171 1585 nec,
1248 1497 1249 1526 ¹

161 1592 237 1677 quia
254 1613 415 1677 nusquam
433 1593 504 1654 erat
522 1589 688 1676 scriptum,
710 1592 748 1653 ut
766 1593 880 1654 contra
898 1588 1004 1653 omnis
1023 1589 1170 1655 hostium
1186 1609 1211 1651 15

161 1681 270 1765 copias
300 1680 335 1745 in
363 1683 462 1764 ponte
489 1700 573 1742 unus
602 1677 775 1742 adsisteret
803 1700 823 1742 a
849 1680 1008 1762 tergoque
1034 1681 1172 1763 pontem

162 1767 348 1832 interscindi
371 1767 506 1850 iuberet,
528 1766 647 1830 idcirco
670 1764 777 1829 minus
801 1763 959 1830 Coclitem
981 1765 1078 1830 illum
1100 1787 1171 1831 rem
1249 1775 1250 1818 l

162 1856 302 1942 gessisse
324 1858 452 1920 tantam
467 1853 676 1919 fortitudinis
699 1854 772 1938 lege
796 1857 893 1936 atque
914 1853 1054 1938 imperio
1077 1857 1171 1939 puta·

161 1944 282 2028 bimus,
308 1964 380 2026 neo,
408 1943 437 2006 si
458 1945 615 2028 regnante
638 1941 675 2006 L.
698 1941 874 2025 Tarquinio
897 1941 989 2006 nulla
1012 1946 1085 2007 erat
1106 1941 1171 2007 Ro·

162 2053 233 2096 mae
261 2031 383 2115 scripta
406 2031 458 2094 lex
481 2031 520 2094 de
543 2029 682 2114 stupris,
705 2028 825 2094 idcirco
847 2049 914 2094 non
937 2033 1053 2094 contra
1076 2031 1170 2095 illam
1184 2052 1211 2092 1ο

161 2120 268 2203 legem
300 2118 532 2201 sempiternam
563 2115 633 2182 Sex.
665 2115 859 2199 Tarquinius
890 2115 958 2181 vim
990 2116 1172 2203 Lucretiae,

161 2204 344 2289 Tricipitini
366 2204 466 2287 filiae,
492 2205 613 2270 attulit.
657 2203 739 2270 Erat
763 2205 849 2270 enim
871 2205 957 2270 ratio
980 2205 1130 2290 profecta
1152 2230 1172 2272 a

131 2314 270 2357 .rerum
301 2295 420 2357 natura
450 2295 483 2356 et
510 2292 551 2357 ad
578 2296 664 2358 recte
690 2292 873 2358 faciendum
900 2292 1062 2377 inpellens
1091 2298 1124 2360 et
1152 2317 1172 2361 a

162 2381 279 2446 delicto
299 2397 447 2465 avocans,
466 2403 548 2466 quae
565 2402 631 2446 non
648 2384 719 2445 tum
738 2380 875 2465 denique
892 2380 1009 2465 incipit
1023 2383 1077 2447 lex
1090 2404 1171 2466 esse,

162 2491 260 2554 quom
280 2469 403 2555 scripta
421 2473 480 2553 est,
499 2469 653 2552 sedtum,
672 2489 771 2552 quom
790 2472 862 2534 orta
880 2473 944 2552 est3
966 2473 1042 2535 orta
1060 2475 1171 2536 autern
1184 2490 1210 2531 11

162 2561 211 2622 est
234 2557 332 2622 simul
355 2580 427 2623 oum
450 2560 558 2621 mente
582 2556 699 2621 divina.
735 2554 838 2632 Quam
863 2556 905 2621 ob
928 2577 998 2622 rem
1021 2559 1075 2622 lex
1092 2580 1172 2624 vcra

162 2649 259 2729 atque
290 2645 440 2730 prinecps
473 2648 551 2731 apta
582 2645 623 2708 ad
654 2644 829 2719 iubendum
861 2647 893 2709 et
925 2644 966 2709 ad
993 2647 1171 2712 rotandum

160 2733 245 2800 ratio
269 2736 319 2798 est
341 2737 431 2799 recta
453 2732 571 2797 summi
593 2731 690 2798 Iovis.

122 2801 143 2864 5
229 2821 262 2902 Q.
281 2819 466 2904 Adsentior,
483 2821 594 2905 frater,
611 2825 657 2905 ut,
676 2821 761 2906 quod
780 2827 830 2886 est
847 2825 971 2886 rectum
990 2843 1171 2906 verumque,

110 2877 141 2924 11
161 2912 318 2972 6616111111
343 2929 465 2993 quoque
493 2909 662 2992 sitneque
685 2931 758 2974 cum
781 2908 914 2992 litteris,
944 2909 1062 2993 quibus
1087 2911 1170 2977 scita
1183 2927 1209 2968 ³⁰

161 2994 359 3078 scribuntur,
387 2999 444 3059 aut
467 2997 591 3062 oriatur
615 3001 671 3062 aut
694 2997 828 3063 occidat.
864 2997 913 3062 M.
935 2996 1026 3083 Ergo
1050 3003 1089 3063 ut
1112 2999 1171 3064 illa

161 3081 270 3147 divina
298 3103 389 3146 mens
417 3105 543 3149 summa
570 3085 622 3149 lex
645 3088 707 3169 est,
736 3084 830 3170 item,
860 3106 957 3170 quom
979 3085 1015 3149 in
1037 3085 1170 3152 homine

161 3173 211 3234 est
232 3167 384 3255 perfecta,
412 3221 463 3235 ...
484 3172 525 3266 in
541 3177 648 3238 mente
667 3173 838 3257 sapientis3
861 3194 943 3257 quae
962 3177 1040 3237 sunt
1059 3179 1170 3240 autem

159 3257 249 3322 varie
277 3260 310 3320 et
338 3257 378 3322 ad
400 3261 529 3343 tempus
557 3257 732 3346 discriptae
754 3261 899 3346 populis,
925 3261 1038 3326 favore
1061 3263 1170 3349 magis

160 3366 258 3427 quam
284 3365 319 3407 re
346 3345 456 3431 legum
483 3367 603 3412 nomen
624 3351 744 3413 tenent.
782 3348 918 3414 Omnem
942 3349 1028 3413 enim
1052 3351 1170 3438 legem,
1183 3366 1209 3409 ⁸⁵

160 3451 242 3513 quae
266 3430 394 3514 quidem
417 3436 503 3496 recte
526 3433 578 3497 lex
602 3434 760 3521 appellari
782 3439 900 3521 possit,
928 3458 999 3500 esse
1023 3438 1171 3504 laudabi-

159 3515 224 3580 lem
257 3517 448 3600 quibusdam
480 3520 602 3585 talibus
635 3525 836 3608 argumentis
867 3521 994 3591 docent:
1027 3524 1171 3592 Constat
