2458 3934
186 181 253 248 202
547 179 596 234 DE
614 177 858 236 DIVINATIONE

186 325 269 390 nihil
298 325 365 389 sine
394 324 503 408 aliqua
530 322 694 408 probabili
721 322 907 388 coniectura
934 342 972 386 ac
999 321 1126 386 ratione
1148 321 1189 386 di-

180 416 274 496 cunt,
297 412 374 497 quid
397 411 646 477 existimandum
665 413 716 475 est
735 410 773 475 de
792 409 976 475 coniectura
995 430 1116 492 eorum,
1139 410 1189 494 qui

188 501 271 566 extis
299 503 355 565 aut
378 499 492 564 avibus
516 503 572 564 aut
595 498 733 564 ostentis
757 500 814 564 aut
836 496 954 564 oraclis
979 500 1036 562 aut
1060 498 1188 562 somniis

186 588 297 653 futura
318 587 564 672 praesentiunt?
602 585 757 652 Nondum
779 585 858 670 dico,
881 607 979 670 quam
1002 585 1084 650 haec
1103 585 1190 670 signa

186 676 279 741 nulla
297 675 372 759 sint,
389 675 502 740 fissum
521 675 645 758 iecoris,
663 674 753 739 corvi
766 677 889 758 cantus,
907 674 1038 738 volatus
1059 673 1190 758 aquilae,
1210 693 1213 730 ε

188 764 303 843 stellae
325 763 488 848 traiectio,
514 783 610 828 voces
632 761 824 846 furentium,
846 763 966 844 sortes,
989 761 1132 846 somnia3
1157 761 1190 825 de

189 852 305 936 quibua
338 850 477 938 singulis
509 850 614 916 dicam
642 871 700 914 suo
727 850 814 933 loc03
844 870 931 914 nunc
958 849 998 913 de
1027 849 1189 914 universis.

137 956 169 1005 ιτ
189 938 252 1016 Qui
282 944 392 1025 potest
422 938 586 1026 provideri
618 938 790 1022 quicquam
818 935 967 1002 futurum
994 958 1081 1020 esse,
1113 936 1190 1021 quod

186 1049 290 1112 neque
313 1050 443 1094 causam
465 1028 565 1093 habet
587 1027 689 1091 ullam
706 1046 811 1111 neque
828 1027 951 1109 notam,
974 1046 1032 1090 cur
1050 1023 1189 1090 futurum

188 1116 253 1182 sit?
290 1113 375 1182 Solis
403 1115 597 1183 defectiones
624 1115 766 1197 itemque
790 1113 886 1178 lunae
908 1112 1142 1197 praedicuntur
1161 1114 1213 1176 inu

188 1203 310 1270 multos
334 1225 436 1269 anuos
459 1203 500 1269 ab
523 1203 573 1286 iis,
595 1202 652 1286 qui
675 1201 817 1266 siderum
834 1204 944 1266 motus
962 1201 1111 1266 numeris
1128 1223 1190 1286 per·

188 1294 379 1375 sequuntur3
405 1311 443 1356 ea
465 1291 655 1375 praedicunt
677 1289 772 1374 anim,
795 1309 878 1372 quae
900 1293 1039 1354 naturae
1062 1289 1189 1354 necessi·

188 1382 240 1444 tas
271 1378 455 1464 perfectura
487 1382 546 1443 cst.
590 1377 711 1442 Vident
743 1399 782 1443 ex
809 1377 1078 1442 constantissimo
1108 1381 1189 1442 motu

187 1467 297 1550 lunae,
324 1466 451 1551 quaudo
478 1467 538 1532 illa
565 1488 582 1531 e
608 1465 741 1550 regione
768 1463 847 1530 solis
873 1464 962 1530 faeta
989 1465 1137 1530 incurrat
1160 1465 1188 1527 in

187 1553 338 1621 umbram
359 1558 479 1640 terrae,
502 1575 584 1639 quae
607 1557 658 1619 eat
679 1555 768 1618 meta
789 1552 904 1636 noctis,
927 1555 964 1617 ut
987 1574 1063 1618 earn
1087 1554 1213 1619 obsco-u

187 1643 254 1708 rari
271 1663 402 1710 necessa
420 1641 473 1728 sit,
496 1642 686 1727 quaudoque
705 1640 818 1706 eadem
836 1641 914 1706 luna
933 1641 1083 1706 subiecta
1101 1645 1188 1725 atquc

189 1731 339 1816 opposita
362 1731 424 1797 soli
445 1731 568 1797 nostris
592 1729 694 1802 oculis
717 1729 785 1794 eius
808 1729 920 1794 lumen
942 1729 1111 1812 obscuret,
1133 1749 1186 1812 quo
1212 1755 1213 1810 l

187 1817 1187 1992 trttttlgttsstn'llttllttttttlttttt

190 1994 245 2078 qui
268 1957 399 2060 occassio
421 1994 550 2060 futurus
574 1993 626 2060 sit.
663 1991 754 2058 Haec
777 1992 931 2076 quiante
954 1991 1077 2078 dicunt,
1100 2003 1212 2077 quant

138 2053 170 2179 ιζ
189 2081 349 2147 rationem
373 2086 564 2167 sequantur,
586 2081 684 2146 vides.
729 2078 792 2156 Qui
814 2081 1004 2146 thesaurum
1026 2079 1186 2147 inventum

189 2169 230 2232 iri
253 2172 310 2234 aut
331 2170 544 2236 hereditatem
566 2173 737 2236 venturam
754 2167 874 2252 dicunt,
897 2168 974 2252 quid
993 2165 1186 2252 sequuntur?

189 2259 246 2322 cut
272 2257 307 2321 in
335 2279 399 2341 qua
425 2279 533 2324 rerum
560 2256 790 2336 naturainest
811 2256 845 2320 id
866 2255 1037 2322 futurum?
1076 2253 1186 2333 Quodsi

188 2346 268 2411 hacc
296 2366 409 2430 eaque,
437 2367 519 2430 quae
547 2349 623 2411 sunt
649 2343 792 2409 eiusdem
819 2344 961 2429 generis,
988 2343 1114 2410 habent
1139 2342 1185 2408 ali-

91 2481 93 2484 -
190 2455 287 2517 quam
305 2434 406 2500 talem
424 2434 659 2516 necessitatem,
683 2431 760 2516 quid
779 2434 830 2498 est
846 2431 988 2516 tandem,
1013 2433 1102 2516 quod
1118 2439 1212 2498 casua

188 2521 260 2586 fieri
282 2525 339 2587 aut
360 2521 445 2587 forte
467 2521 601 2586 fortuna
622 2520 796 2604 putemus?
830 2517 924 2584 Nihil
947 2519 1034 2585 enim
1055 2524 1110 2586 est
1126 2523 1185 2583 tam

189 2609 387 2675 contrarium
418 2609 539 2675 rationi
566 2612 599 2673 ct
626 2608 829 2673 constantiae
856 2629 954 2692 quam
980 2606 1127 2689 fortuna,
1155 2606 1186 2669 ut

189 2697 271 2761 mihi
298 2719 339 2762 ne
368 2696 402 2762 iu
430 2698 524 2763 deum
551 2696 680 2780 quidem
707 2694 820 2760 cadere
846 2694 1009 2780 videatur,
1040 2700 1078 2761 ut
1105 2694 1185 2772 sciat,

190 2785 267 2867 quid
290 2806 366 2850 casu
389 2789 422 2850 et
443 2784 580 2851 fortuito
602 2783 750 2849 futurum
767 2783 820 2849 sit.
856 2779 891 2848 Si
909 2783 996 2847 enim
1015 2783 1086 2868 scit,
1109 2785 1184 2849 certe
1211 2815 1212 2860 3

188 2871 270 2935 illud
293 2871 431 2956 eveniet3
454 2873 506 2938 sin
527 2875 614 2938 certe
637 2871 772 2955 eveniet,
794 2870 886 2936 nulla
906 2870 1040 2937 fortuna
1059 2875 1121 2953 est3
1142 2867 1212 2962 esti

189 2961 298 3022 autem
324 2958 469 3044 fortuna3
496 2982 604 3025 rerum
630 2959 733 3045 igItur
757 2958 967 3025 fortuitarum
990 2959 1082 3024 nulla
1103 2975 1185 3044 prae
1211 2977 1212 2980 ¹

139 3058 170 3108 19
191 3045 296 3111 sensio
319 3049 387 3111 est.
431 3048 500 3112 Aut
532 3049 561 3112 si
588 3068 690 3132 negas
720 3068 790 3113 csse
818 3047 984 3147 fortunam
1015 3049 1048 3112 et
1077 3044 1183 3146 omnia,

189 3133 694 3308 llllthttzttlltss,
711 3138 809 3288 tlt
827 3133 1183 3288 ttnttstttll

189 3310 302 3394 tionis,
330 3331 426 3394 quam
454 3310 583 3375 dicebas
610 3310 869 3393 praesensionem
898 3330 968 3374 essa
995 3331 1101 3375 rerum
1127 3305 1211 3370 for-³⁵

188 3397 353 3461 tuitarum.
394 3395 430 3462 Si
459 3397 545 3459 enim
573 3395 656 3460 nihil
684 3397 756 3462 fieri
784 3400 907 3482 potest,
933 3396 1015 3462 nihil
1044 3395 1181 3472 accidere,

188 3483 272 3547 nihil
299 3482 439 3565 evenire,
465 3481 531 3546 nisi
557 3482 643 3566 quod
670 3484 711 3548 ab
742 3485 831 3550 omni
853 3484 1046 3551 aeternitate
1068 3485 1183 3549 certum
