2478 3936
276 228 344 281 ιιι.
364 229 397 282 11.
423 227 499 282 cnr.
521 233 632 282 ιι-ιι.
656 233 803 293 ιιι-ιι.
1000 230 1044 293 65

59 374 144 439 multa
168 372 365 439 mirabiliter
387 372 527 437 efficiens
551 376 621 437 tum
644 371 872 455 antecedendo,
902 377 973 438 tum
996 395 1044 438 re·

59 462 204 546 tardando,
223 465 295 526 tum
311 461 505 546 vespertinis
520 460 721 545 temporibus
736 460 953 546 delitiscendo,
971 464 1043 526 tum

59 551 207 614 matutinis
231 571 363 615 rursum
385 571 419 613 se
442 548 628 633 aperiendo,
657 548 740 612 nihil
762 548 904 613 inmutat
927 547 1043 635 sempi-

58 639 140 703 ternis
167 639 349 704 saeclorum
377 638 553 720 aetatibus,
587 637 666 721 quin
692 635 803 701 eadem
833 637 936 702 isdem
962 641 1043 702 tem·

40 728 172 809 aporibus
201 726 332 791 efficiat.
376 723 466 791 Infra
496 728 605 790 autem
633 724 717 789 hanc
746 725 879 811 propius
908 749 927 791 a
954 729 1044 790 terra

57 813 126 879 lovis
149 815 247 879 stella
269 814 385 898 fertur,
414 836 495 898 quae
522 813 665 878 Φαέθων
690 812 818 896 dicitur,
845 836 946 898 eaque
969 835 1044 879 eun·

56 903 112 967 dem
139 921 189 968 ιιι
217 903 386 988 signorum
414 903 525 966 orbem
553 901 644 966 annis
673 919 723 965 xn
751 865 879 966 coniicit
902 901 1044 966 easdem·

56 1013 115 1076 que,
147 1013 226 1075 quas
251 989 430 1055 Saturnis
432 991 525 1074 tella,
558 989 719 1055 efficium
741 1011 836 1054 cursu
858 989 1043 1054 varietates.

34 1117 36 1124 ‹
54 1077 192 1145 Huict
138 1083 192 1144 aut
194 1102 245 1144 em
259 1079 443 1179 proximum
456 1078 640 1143 inferiorem
655 1077 767 1142 orbem
781 1080 870 1142 tenet
884 1074 1042 1162 Πυρόεις,
1061 1094 1096 1145 53

29 1189 121 1252 uquae
148 1169 246 1232 stella
268 1166 365 1231 Μιιι
341 1171 384 1230 ιιι
408 1167 552 1252 appellat
554 1188 604 1267 ur,
632 1187 732 1249 eaque
755 1184 806 1230 1111
830 1170 863 1230 et
885 1185 934 1232 xx
958 1187 1044 1232 men-

55 1256 129 1320 sibus
151 1274 197 1340 vr,
219 1259 258 1320 ut
282 1255 404 1339 opinor,
428 1255 538 1320 diebus
562 1255 668 1318 minus
692 1254 827 1319 eundem
849 1254 917 1319 lust
903 1259 971 1320 trat
994 1277 1043 1321 or-

53 1343 123 1429 bem,
145 1366 241 1428 quem
265 1343 346 1408 duae
369 1343 559 1428 superiores.
594 1341 685 1407 Infra
707 1342 791 1408 hanc
814 1347 923 1408 autem
946 1343 1044 1408 stella
1106 1373 1107 1376 ¹

54 1430 191 1497 llercurii
214 1436 279 1515 est,
302 1453 340 1496 ιι
362 1434 516 1514 nicaeae
541 1431 725 1516 appellatur
749 1454 768 1496 a
792 1431 938 1515 Graecis3
961 1453 1044 1516 quae

55 1542 123 1586 anno
145 1520 213 1584 fere
236 1481 383 1584 udrtente
407 1519 597 1605 signiferum
619 1519 686 1583 lust
672 1523 740 1584 trat
763 1520 875 1584 orbem
897 1541 1001 1603 neque
1025 1543 1045 1583 a

30 1627 45 1664 u
55 1610 109 1673 sole
136 1609 267 1695 longius
295 1630 450 1698 umquam
476 1607 570 1672 unius
599 1607 685 1692 signi
712 1607 886 1672 intervallo
910 1605 1045 1707 discedit

18 1757 19 1760 ,
54 1700 110 1761 tum
137 1699 358 1780 antevertens,
385 1699 456 1760 tum
484 1697 690 1779 subsequens.
734 1692 928 1758 Infimat
879 1697 928 1758 est
955 1694 1046 1779 quin·

55 1807 103 1868 que
125 1785 306 1850 errantium
328 1787 497 1868 terraeque
515 1784 663 1884 proxima
684 1785 715 1846 st
700 1783 781 1846 tella
794 1781 939 1868 Veneris,
963 1805 1045 1866 quac

56 1869 229 1958 Φωσφόρος
252 1871 386 1955 Graece,
414 1871 543 1937 Lucifer
563 1871 636 1936 Lat
612 1875 680 1935 true
704 1870 781 1936 dicit
767 1874 835 1978 tur,
863 1893 935 1935 cum
959 1874 1046 1935 ante·

55 1961 186 2044 graditur
209 1961 325 2043 solem,
348 1983 420 2025 cum
443 1958 650 2044 subsequitur
673 1963 795 2043 autem,
810 1953 984 2044 “Euaimon
1007 1982 1046 2024 ea

30 2065 170 2114 ucursum
195 2070 279 2113 anno
304 2049 431 2114 conficit
455 2051 558 2112 ιιι
510 2048 572 2112 lati
572 2047 716 2113 tudinem
735 2048 801 2112 lust
787 2051 878 2112 trans
898 2047 1046 2134 signiferi

54 2138 128 2202 orbis
158 2141 193 2202 ιι
215 2136 322 2222 longit
324 2136 466 2220 udinem,
494 2135 580 2220 quod
601 2135 687 2200 idem
709 2135 887 2200 faciuntt
856 2137 971 2201 stellae
995 2158 1046 2201 sn·

53 2226 197 2309 periotes,
228 2247 331 2309 neque
363 2246 517 2309 umquam
548 2225 589 2290 ab
618 2224 685 2288 sole
714 2223 849 2288 duorum
877 2224 1045 2310 signorum

54 2313 215 2379 intervallo
243 2313 372 2399 longius
401 2312 536 2378 discedit
562 2315 632 2376 tum
656 2312 855 2395 antecedens,
878 2315 949 2376 tum
972 2313 1045 2376 sub·

55 2421 188 2486 aequem.
241 2399 335 2465 Hanc
365 2400 467 2486 igitur
497 2400 533 2464 in
562 2400 667 2466 stellis
699 2400 929 2483 constantiam,
961 2372 1102 2498 hanc25}

27 2492 168 2555 ιιιιιιιιιιι
195 2492 266 2554 tam
293 2488 393 2553 variis
420 2487 566 2554 cursibus
589 2488 624 2551 in
647 2487 734 2552 omni
758 2487 950 2552 aeternitate
973 2509 1045 2552 con·

54 2578 238 2643 venientium
274 2581 459 2662 temporum
493 2598 560 2641 non
590 2598 723 2660 possum
753 2575 944 2661 intellegere
977 2576 1046 2640 sine

54 2671 161 2751 mente,
189 2665 332 2748 ratione,
359 2664 503 2730 consiliu.
549 2663 637 2740 Quae
665 2686 738 2729 cum
760 2664 795 2728 iu
818 2663 976 2727 sideribus
999 2663 1046 2729 in·

54 2774 112 2818 esse
132 2753 311 2837 videamus,
333 2775 400 2818 non
422 2774 593 2838 possumus
617 2774 656 2817 ea
677 2752 749 2836 ipsa
771 2773 838 2817 non
860 2751 1046 2817 iudeorum

54 2860 175 2907 numero
203 2863 367 2927 reponere.
412 2840 481 2906 Nec
507 2862 583 2906 vcro
612 2862 667 2905 eae
695 2840 823 2924 stellae,
855 2861 937 2925 quae
964 2840 1046 2906 iner-

26 2935 150 2995 ³⁰rantes
168 2932 336 3013 vocantur,
354 2951 420 2994 non
439 2929 624 3014 significant
642 2927 934 2994 eandem‘mentem
947 2934 1045 3014 atque

53 3019 261 3102 prudentiam,
298 3040 434 3102 quarum
471 3019 521 3080 est
558 3016 719 3082 cotidiana
750 3018 942 3084 conveniens
974 3041 1046 3084 con-

54 3109 197 3192 stansque
215 3105 392 3189 conversio,
414 3127 472 3170 nec
490 3104 613 3169 habent
632 3105 792 3171 aetherios
811 3129 922 3172 cursus
941 3127 1045 3190 neque

54 3195 131 3292 caelo
153 3195 369 3278 inhaerentes,
392 3197 428 3259 ut
447 3192 592 3278 plerique
611 3194 721 3259 dicunt
739 3194 891 3279 physicae
909 3192 1045 3256 rationis

55 3279 158 3365 ignari.
203 3281 359 3348 Nont
309 3286 359 3346 est
383 3282 467 3346 enim
491 3286 543 3346 aet
529 3282 632 3347 theris
656 3304 694 3347 ea
715 3286 772 3346 nat
774 3304 894 3364 ura,u
872 3279 965 3344 utri
988 3301 1046 3344 sua

30 3371 156 3436 caunas
180 3372 337 3456 conplexa
354 3373 579 3454 contorqueat,
601 3393 678 3435 nam
696 3370 802 3434 tenuis
823 3391 859 3434 ae
878 3367 1046 3451 perlucens

57 3460 83 3518 et
109 3458 272 3544 aequabili
305 3459 411 3523 calore
444 3459 583 3522 suffusus
611 3459 722 3523 aether
749 3478 815 3520 non
842 3455 922 3519 satis
950 3457 1046 3537 aptus

58 3543 90 3608 ad
113 3547 225 3612 stellas
253 3545 462 3612 continendas
489 3546 625 3612 videtur.
670 3543 802 3607 Habent
829 3542 932 3625 igitur
954 3549 1099 3603 suamet

101 3657 241 3703 eroffirva
820 3647 835 3693 t
