2476 3936
161 187 227 254 340
525 181 815 237 nneesuenrcn

108 309 257 437 12{[14]p.
276 331 323 410 Μ]
394 325 558 394 ....Sunt
576 327 662 392 enim
680 347 801 410 omncs,
819 324 875 410 qui
893 326 928 392 in
945 325 1105 411 populum
1122 326 1167 391 ri-
1231 330 1232 408 i

159 425 214 486 tae
235 417 387 501 necisque
408 418 606 501 potestatem
628 415 761 497 habent,
782 414 923 498 tyranni,
946 414 1003 478 sed
1026 435 1061 478 se
1078 412 1166 479 Iovis
1231 425 1232 442 ¹

159 506 277 592 optimi
296 504 427 569 nomine
449 505 576 568 malunt
593 524 686 589 reges
705 502 822 567 vocari.
859 501 940 567 Cum
958 505 1070 567 eutem
1088 503 1169 567 certi

159 598 294 681 propter
314 591 444 657 divitias
463 595 521 658 aut
539 612 640 676 genus
659 593 716 656 eut
734 591 860 674 aliquas
879 611 957 676 opes
974 613 1045 654 rem
1064 591 1169 676 publi-

160 705 232 748 cam
258 685 384 764 tenent,
416 685 467 745 est
492 679 606 763 factio,
638 679 694 744 sed
719 682 877 744 vocantur
903 679 955 743 illi
982 679 1169 763 optimates.
1196 701 1208 740 s

159 769 196 836 Si
217 792 294 836 vero
318 769 456 854 populus
479 767 656 853 plurimum
676 770 788 852 potest
806 767 979 851 omniaque
997 767 1068 832 eius
1087 768 1170 833 arbi-

160 860 225 925 trio
253 861 423 945 reguntur,
451 856 567 921 dicitur
594 856 654 920 ille
675 856 827 939 libertas,
853 859 904 920 est
926 877 1004 920 vero
1027 856 1171 922 licentia

161 946 225 1014 Sed
246 969 321 1015 curn
338 946 422 1011 alius
441 945 541 1010 elium
559 944 663 1028 timet,
686 947 718 1008 et
736 943 835 1009 homo
853 943 1020 1008 hominem
1039 949 1073 1009 et
1092 945 1170 1010 ordo

161 1037 320 1117 ordinem,
347 1038 417 1098 tum
446 1032 522 1118 quia
549 1032 612 1096 sibi
639 1052 734 1096 nemo
762 1032 908 1115 confidit,
939 1033 1035 1116 quasi
1062 1033 1171 1118 pactio

161 1154 189 1206 p.
209 1127 256 1206 58]
280 1125 318 1189 fit
339 1123 342 1205 i
363 1123 448 1187 incr
474 1122 632 1206 populum
660 1123 692 1185 et
719 1120 877 1204 potentis3
908 1142 946 1184 ex
970 1142 1035 1205 quo
1060 1122 1171 1186 existit
1186 1144 1209 1180 ιο

106 1229 108 1234 ’
161 1213 208 1296 id,
232 1212 318 1296 quod
341 1209 447 1293 Scipio
470 1209 635 1292 laudabat,
658 1209 863 1274 coniunctum
886 1209 1031 1274 civitatis
1056 1231 1172 1296 genus3

163 1300 283 1365 etenim
305 1298 451 1364 iustitiae
472 1318 538 1363 non
560 1301 678 1362 natura
698 1317 758 1362 neo
780 1298 942 1381 voluntas,
965 1297 1023 1362 sed
1040 1298 1173 1364 inbecil·
1233 1343 1234 1348 κ

162 1389 240 1452 litas
269 1391 374 1452 mater
401 1389 459 1450 est.
504 1384 591 1450 Nam
619 1406 692 1450 cum
719 1384 758 1449 de
785 1385 891 1450 tribus
917 1407 1020 1450 unum
1044 1391 1095 1452 est
1118 1410 1173 1472 op·

162 1476 307 1560 tendum,
329 1477 386 1539 aut
406 1473 511 1538 faeere
529 1473 681 1538 iniuriam
698 1494 757 1538 nec
776 1473 919 1558 accipere
938 1477 996 1538 aut
1015 1478 1050 1540 et
1067 1475 1173 1540 facere

163 1569 196 1630 et
220 1565 363 1648 accipere
386 1565 442 1627 aut
463 1565 624 1644 neutrum,
647 1561 807 1646 optimum
829 1565 879 1626 est
901 1561 1018 1647 facere,
1041 1563 1173 1648 impune
1186 1584 1210 1623 15

163 1655 192 1719 si
215 1652 335 1738 possis,
359 1651 532 1716 secundum
554 1671 613 1715 nec
635 1649 741 1714 faeere
762 1671 823 1715 nec
845 1649 929 1735 peti,
952 1651 1172 1717 miserrimum
1234 1721 1235 1732 ,

164 1740 337 1828 digladiari
365 1760 491 1824 semper
516 1742 587 1802 tum
613 1737 783 1821 faciendis,
809 1742 880 1803 tum
908 1739 1105 1824 accipiendis
1128 1742 1174 1805 in·

163 1830 264 1895 iuriis.
309 1828 362 1894 Ite
384 1828 439 1913 qui
461 1827 603 1912 primum
625 1825 707 1890 illud
731 1825 878 1910 adsequi.
893 1877 900 1892 .
915 1875 945 1892 ..

444 1965 585 2054 [Aliquot
598 1968 736 2050 popinae
757 1969 886 2048 desunt]

112 2075 156 2202 ii
167 2095 232 2176 [12.
255 2095 304 2174 20]
370 2091 419 2156 n
443 2090 567 2157 sacius
592 2091 629 2156 a
649 2111 683 2156 re
701 2091 786 2172 por.
809 2091 859 2156 zo.
881 2090 961 2155 HI:
989 2091 1078 2158 Nam
1101 2115 1174 2159 sum
1235 2157 1236 2160 γ

166 2182 374 2266 quaereretur
396 2199 436 2244 ex
458 2200 505 2263 eo,
529 2199 592 2263 quo
616 2180 735 2243 scelere
757 2179 905 2264 inpulsus
928 2201 1020 2245 mare
1038 2181 1175 2247 haberet
1188 2201 1212 2240 20

164 2268 320 2334 infestum
351 2289 416 2332 uno
447 2288 657 2351 myoparone,
694 2265 894 2351 ‘Eodem’,
925 2267 1047 2352 inquit,
1084 2269 1174 2354 ‘quo

165 2362 208 2423 tu
235 2357 365 2422 orbem
392 2353 540 2420 terrac?
583 2354 723 2437 (Nonius
742 2375 778 2437 p.
800 2359 872 2421 125.
894 2360 949 2434 22,
970 2378 1006 2439 p.
1029 2363 1101 2424 318.
1124 2364 1175 2442 16,

115 2468 232 2616 lsfls.
246 2535 294 2615 21]
317 2560 345 2612 p.
355 2443 408 2613 dr]
481 2530 657 2596 ....omni
686 2535 849 2598 ....tote.
888 2529 1056 2617 Sapientia
1082 2535 1175 2600 iubet

167 2641 279 2706 augere
301 2641 392 2705 opes,
419 2618 616 2703 amplificare
639 2619 784 2704 divitias,
806 2619 951 2706 proferre
974 2621 1050 2686 finis
1075 2621 1175 2710 (unde
1188 2641 1211 2682 ιε

167 2711 253 2775 enim
276 2711 362 2774 essct
384 2707 442 2773 illa
460 2707 531 2774 leus
547 2707 583 2772 in
601 2725 802 2774 summorum
819 2709 1053 2794 imperatorum
1070 2711 1175 2778 incisu

166 2797 377 2862 monimentis:
400 2812 492 2861 sums
511 2796 971 2880 rnsns11nnossesv1r,nisi
991 2799 1117 2883 aliquid
1136 2801 1174 2864 de

167 2885 273 2949 alieno
297 2882 530 2971 accessisseti),
552 2885 713 2968 imperare
737 2885 1013 2970 quamplurimis,
1035 2886 1102 2954 frui
1121 2911 1175 2954 vo

166 2971 363 3055 luptatibus,
385 2972 524 3056 pollere,
545 2992 691 3056 regnare,
714 2972 888 3057 dominari3
910 2974 1039 3040 iustitia
1063 2981 1176 3042 autem

166 3057 326 3145 praecipit
347 3079 479 3142 parcere
498 3061 657 3144 omnibus,
679 3063 846 3126 consulere
865 3062 975 3149 generi
992 3063 1175 3150 hominum,
1188 3082 1212 3122 ³0

168 3169 262 3213 suum
285 3146 398 3230 cuique
420 3146 566 3232 reddere,
594 3169 696 3232 secra,
719 3151 864 3235 publice,
886 3150 993 3216 alisna
1014 3174 1081 3218 non
1103 3157 1176 3219 tan-

166 3263 194 3316 p.
214 3238 261 3316 48]
289 3255 374 3321 gere.
399 3234 403 3317 i
428 3233 512 3311 Quid
542 3236 644 3320 igitur
675 3235 827 3324 efficitur,
857 3239 884 3302 si
912 3238 1093 3324 sapientiae
1120 3266 1176 3328 pa·

167 3324 264 3388 reas?
301 3321 446 3406 divitiae,
481 3325 677 3409 potestates,
713 3346 805 3411 opes,
840 3327 992 3412 honores,
1029 3328 1176 3416 imperis,

167 3429 270 3494 regne
307 3408 360 3473 vel
395 3409 532 3493 privatis
568 3411 620 3476 vel
651 3414 791 3499 populis.
845 3412 907 3480 Sed
943 3418 1099 3499 quoniam
1136 3419 1175 3484 de

168 3517 203 3558 re
234 3494 365 3577 publica
391 3494 566 3580 loquimur,
598 3503 674 3564 sunt
700 3500 903 3585 inlustriora,
934 3524 1018 3587 quae
1045 3507 1175 3593 publice
1189 3521 1213 3564 ³⁵
