2452 3938
181 189 245 256 258
601 188 651 242 DE
669 188 763 244 FATO

181 333 314 400 maximi
341 335 435 400 orbes
464 333 562 398 medii
587 333 673 398 inter
701 353 735 402 se
758 331 969 416 dividuntur',
999 333 1054 399 sad
1075 333 1178 420 potius
1218 333 1219 418 l

180 423 239 487 illo
262 422 372 488 modo:
396 421 484 487 ‘Non
506 424 539 486 et
563 425 638 486 sunt
660 421 696 486 in
718 421 857 505 sphaera
875 421 1010 487 maximi
1028 422 1129 504 orbes,
1150 425 1180 484 et
1218 437 1219 510 l

126 521 163 572 16
181 511 205 575 ii
226 531 293 575 nou
315 509 413 574 medii
430 510 517 575 inter
536 531 570 575 sa
589 508 796 574 dividuntur?
833 508 918 585 Quid
936 514 998 594 est,
1020 509 1105 594 quod
1121 531 1181 573 nou
1218 515 1219 602 l

181 597 286 684 possit
312 598 377 663 isto
405 597 501 663 modo
529 619 568 662 ex
591 619 711 664 conexo
734 597 905 678 transferri
929 597 970 662 ad
993 597 1180 664 coniunctio
1218 619 1219 674 r

181 707 260 752 num
282 685 511 772 negationem?
542 684 588 752 Et
611 684 740 770 quidem
763 685 836 751 aliis
859 686 965 751 modis
989 686 1118 751 easdam
1135 677 1219 749 rest'

182 774 294 840 efferre
316 795 498 860 possumus.
533 773 630 839 Modo
655 773 732 838 dixi:
756 772 812 837 ‘In
830 773 970 858 sphaera
989 773 1122 839 maximi
1139 795 1181 838 or·

181 862 238 928 bes
271 862 369 927 medii
399 863 484 928 inter
516 883 550 926 se
582 859 794 944 dividuntur,
825 882 960 945 possum
987 862 1107 928 dicere:
1138 858 1182 924 ‘Si

181 950 216 1015 in
239 950 377 1035 sphaera
395 949 529 1016 maximi
547 951 642 1016 orbes
661 949 776 1031 erunt,
798 971 933 1035 possum
952 949 1072 1015 dicere:
1097 947 1181 1024 ‘Quia

180 1039 216 1103 in
246 1039 383 1123 sphaera
413 1038 546 1104 maximi
569 1039 663 1103 orbes
687 1036 801 1102 erunt'.
841 1037 947 1103 Multa
971 1059 1094 1124 genera
1116 1041 1182 1102 sunt

182 1127 371 1192 enuntiandi
392 1148 451 1191 nec
473 1127 577 1190 ullum
601 1125 769 1191 distortius
794 1147 894 1210 quam
910 1126 981 1209 hoo,
1006 1148 1072 1212 quo
1091 1123 1210 1209 Chry-1⁰

182 1214 294 1299 sippus
309 1218 418 1298 sperat
428 1212 608 1279 Chaldaeos
623 1217 792 1280 contentos
802 1212 986 1280 Stoicorum
1000 1235 1101 1280 causa
1112 1214 1181 1278 fore.

129 1351 163 1399 1⁷
247 1301 385 1366 Illorum
407 1304 518 1366 tamen
539 1322 635 1367 nemo
658 1303 706 1367 ita
728 1301 886 1386 loquitur3
909 1302 1015 1367 maius
1035 1306 1088 1367 est
1105 1302 1181 1368 enim

147 1393 150 1398 ’
181 1390 241 1454 has
269 1389 488 1454 contortiones
513 1389 669 1454 orationis
693 1411 791 1475 quam
814 1390 983 1476 signorum
1007 1394 1102 1456 ortus
1125 1389 1182 1454 obi-

181 1481 298 1562 tusque
315 1477 505 1563 perdiscere.
537 1474 600 1543 Sed
619 1478 660 1543 ad
677 1477 770 1542 illam
784 1477 920 1543 Diodori
938 1479 1181 1559 contentionem,

182 1587 280 1650 quam
310 1563 385 1651 περὶ
413 1566 567 1631 δυνατῶν
596 1566 777 1651 appellant,
808 1570 1023 1650 revertamur,
1053 1567 1091 1632 in
1119 1576 1209 1650 qua,1⁵

182 1654 260 1738 quid
285 1654 394 1720 valeat
423 1653 470 1738 id,
498 1654 584 1738 quod
606 1653 676 1718 fieri
698 1653 817 1738 possit,
845 1655 1036 1738 anquiritur.
1080 1655 1181 1720 Placet

180 1741 283 1827 igitur
304 1742 449 1808 Diodoro
471 1741 506 1806 id
528 1743 635 1807 solum
657 1741 727 1806 fieri
774 1763 859 1826 osse,
887 1743 973 1826 quod
996 1747 1057 1808 aut
1079 1763 1181 1809 varum

182 1830 227 1894 sit
253 1834 310 1895 aut
336 1827 449 1895 verum
475 1829 622 1894 futurum
649 1829 701 1894 sit.
743 1765 805 1905 (lui
831 1831 921 1896 locus
945 1831 1087 1917 attingit
1108 1831 1181 1896 hauc

179 1917 419 2002 quaestionem,
445 1916 528 1982 nihil
551 1917 635 2000 fieri,
662 1917 748 2001 quod
770 1939 836 1984 non
857 1939 988 1984 necesse
1011 1918 1126 2002 fuerit,
1147 1920 1181 1999 et,

182 2005 333 2089 quicquid
363 2005 434 2071 fieri
465 2005 584 2090 possit,
616 2004 650 2070 id
681 2009 738 2070 aut
766 2026 837 2070 essa
863 2006 929 2072 iam
958 2010 1015 2072 aut
1042 2007 1209 2073 futurumlo

181 2113 259 2176 esse,
281 2114 341 2158 uec
363 2093 469 2178 magis
493 2093 684 2159 commutari
708 2093 849 2159 exueris
869 2094 905 2159 in
921 2093 1009 2159 falsa
1025 2117 1125 2180 posse
1142 2116 1180 2175 ea,

181 2201 262 2263 quae
285 2179 409 2264 futura,
433 2201 529 2264 qnam
552 2202 599 2264 ea,
622 2181 815 2266 quaefacta
838 2186 927 2265 sunt3
955 2183 1012 2248 sed
1034 2184 1072 2248 in
1093 2182 1180 2249 factis

180 2268 469 2334 inmutabilitatem
492 2291 661 2354 apparere,
682 2270 717 2334 in
738 2269 857 2335 futuris
881 2270 1092 2356 quibusdam,
1115 2270 1182 2356 quia

179 2377 246 2422 non
272 2359 421 2442 apparet,
448 2377 488 2424 ua
511 2356 616 2422 inesse
639 2357 768 2442 quidem
790 2358 906 2442 videri,
933 2363 972 2424 ut
994 2359 1029 2424 in
1054 2383 1107 2444 eo,
1134 2357 1180 2442 qui

179 2445 348 2511 mortifero
376 2445 490 2510 morbo
518 2449 686 2531 urgeatur,
712 2446 896 2511 verumsit
923 2445 1002 2512 ‘Hic
1029 2449 1209 2514 morietur

179 2534 241 2600 hoc
263 2532 399 2617 morbo',
421 2536 457 2598 at
478 2533 541 2599 hoc
558 2532 644 2598 idem
663 2534 784 2599 sivero
803 2534 928 2599 dicatur
944 2535 981 2599 in
999 2555 1048 2620 ao,
1071 2537 1180 2619 inquo

179 2622 230 2686 vis
244 2621 351 2687 morbi
364 2624 458 2686 tanta
471 2642 536 2687 non
551 2625 717 2706 appareat,
736 2621 839 2687 nihilo
854 2622 959 2687 minus
972 2622 1122 2690 futurum
1132 2623 1181 2687 sit.

179 2709 232 2775 Ita
253 2710 300 2793 fit,
323 2713 361 2774 ut
383 2709 595 2774 commutatio
618 2730 753 2775 exuero
771 2709 945 2775 insalsum
962 2732 1004 2776 ne
1023 2713 1059 2777 in
1077 2713 1180 2778 futuro

180 2797 308 2880 quidem
330 2796 400 2862 ulla
416 2797 488 2862 fieri
505 2797 619 2881 possit.
655 2794 742 2862 Nam
761 2796 929 2863 ‘Morietur
946 2796 1068 2884 Scipio'
1086 2801 1180 2866 talem

179 2884 246 2950 vim
261 2884 369 2968 habet,
387 2888 432 2968 ut,
447 2906 643 2969 quamquam
658 2885 820 2950 defuturo
835 2886 960 2971 dicitur,
978 2890 1090 2954 tamen
1104 2892 1141 2952 ut
1152 2885 1209 2949 ido

178 2992 245 3036 non
257 2971 363 3057 possit
376 2976 562 3038 convertere
575 2973 610 3038 in
623 2972 756 3056 falsum3
771 2973 809 3038 de
823 2974 954 3040 homine
964 2975 1051 3041 enim
1061 2977 1179 3056 dicitur,

127 3071 160 3120 18
180 3059 231 3125 cui
248 3079 377 3134 necesse
396 3062 447 3124 est
464 3061 556 3127 mori.
591 3059 645 3128 Sic
663 3061 691 3126 si
710 3062 882 3128 diceretur:
900 3062 1071 3130 ‘Morietur
1087 3066 1180 3129 noctu

179 3147 214 3212 in
241 3146 387 3212 cubiculo
416 3168 473 3212 suo
501 3147 535 3212 vi
562 3171 734 3235 oppressus
758 3147 989 3235 Scipio'„vere
1013 3152 1179 3230 diceretur,

178 3235 212 3300 id
235 3234 320 3300 onim
343 3234 413 3300 fore
437 3235 608 3320 diceretur,
636 3238 722 3322 quod
744 3241 831 3302 essct
853 3237 1012 3323 futurum3
1039 3239 1179 3305 futurum
1218 3283 1219 3300 ,

180 3327 288 3389 autem
310 3323 410 3388 fuisse
434 3345 472 3389 ex
495 3345 546 3406 eo,
574 3325 650 3408 quia
671 3325 794 3392 factum
817 3329 880 3411 est,
907 3327 1057 3414 intellegi
1079 3327 1219 3406 ‹labethl

179 3410 247 3476 Nec
275 3411 380 3497 magis
408 3415 478 3477 erat
504 3432 616 3477 verum
644 3413 812 3480 ‘Morietur
834 3412 954 3500 Scipio’
979 3437 1077 3500 quam
1105 3412 1176 3478 ‘Mo
1218 3427 1219 3504 j

179 3499 281 3565 rietur
305 3500 363 3564 illo
396 3498 514 3585 modo',
544 3521 603 3566 nec
635 3503 740 3590 magis
771 3523 903 3570 necesse
930 3505 1013 3570 mori
1041 3499 1178 3589 Scipioni
1218 3517 1219 3528 ¹
