2458 3934
279 173 346 227 um.
366 173 414 227 111.
438 171 514 227 csP.
533 178 647 246 se-us.
670 178 817 238 111-11.
989 171 1050 236 131

71 338 191 400 campus,
214 317 301 401 sosii,
323 317 516 402 provinciae,
539 320 586 400 ut,
605 337 700 400 quem
719 317 760 382 ad
778 316 908 394 modum
926 316 1053 383 rationo

70 408 139 470 11111
158 405 224 490 fiat,
246 405 293 470 sie
310 404 437 470 ratione
454 409 613 490 peccetur,
636 405 837 490 alterumque
856 408 890 469 et
908 405 1052 490 apauois

70 497 95 555 et
117 514 198 577 raro,
230 494 370 559 aiterum
397 497 431 558 et
460 514 555 578 saepe
583 496 616 558 et
643 515 664 557 a
689 491 853 577 plurimis,
883 496 922 558 ut
950 493 1053 558 satius

68 578 149 646 fuerit
168 581 295 647 nullam
318 581 448 646 omnino
470 581 565 646 nobis
589 603 609 645 a
628 581 676 645 dis
694 581 924 646 inmortalibus
943 582 1054 647 datam

50 683 124 732 ⁵esse
147 669 308 735 rationem
335 692 432 754 quam
458 671 553 734 tanta
581 691 653 734 oum
680 669 820 755 pernicie
843 670 962 735 datam.
1006 669 1054 734 Ut

67 756 159 822 vinum
185 758 345 844 aegrotis,
372 758 447 842 quia
468 757 602 842 prodest
623 779 711 842 raro,
737 761 834 823 nooet
856 758 1053 842 saepissime,

67 845 162 910 melius
185 850 326 911 estnon
348 845 500 911 adhibere
524 846 654 911 omnino
679 868 776 930 quam
795 866 852 931 spe
870 845 986 911 dubiae
1005 867 1053 911 sa·

67 931 129 997 lutis
149 933 184 997 in
207 937 356 1019 apertam
372 933 546 1019 perniciem
563 933 734 1017 incurrere,
754 933 804 1006 sio
820 933 908 999 haud
926 933 993 998 seio
1012 955 1055 998 an

66 1021 163 1086 11111111
191 1021 293 1088 fuerit
321 1021 464 1087 humano
494 1023 605 1107 generi
633 1025 759 1087 motum
787 1021 888 1086 istum
918 1021 1054 1086 celerem

40 1124 56 1162 1⁰
66 1109 267 1194 cogitationis,
290 1131 432 1194 acumen,
456 1109 644 1194 sollertiam,
668 1130 766 1194 quam
784 1109 944 1174 rationem
962 1131 1054 1174 voea-

66 1218 133 1281 nus,
161 1197 316 1282 quoniam
343 1197 499 1284 pestifera
522 1201 572 1262 111
594 1197 719 1281 multis,
747 1197 921 1263 admodum
942 1198 1053 1283 paucis

65 1285 212 1370 salutaris,
234 1308 302 1352 non
324 1286 395 1352 dari
413 1286 544 1352 omnino
563 1307 661 1369 quam
678 1289 747 1351 tam
766 1285 915 1351 munffioe
933 1290 1054 1350 ettam

64 1371 139 1459 large
160 1374 244 1440 dari.
280 1373 384 1450 Quam
406 1375 536 1439 obrem
555 1374 584 1438 si
601 1395 692 1438 mens
711 1375 926 1458 voluntasque
945 1374 1106 1439 divinato

64 1459 163 1528 ideireo
192 1461 358 1528 consuluit
384 1461 584 1546 hominibus,
611 1462 698 1548 quod
724 1461 765 1526 iis
788 1467 839 1528 est
861 1462 984 1548 largita
1004 1485 1054 1528 ra·

38 1562 54 1600 ¹⁵
64 1548 178 1635 tionem,
201 1550 244 1616 iis
268 1550 347 1616 solis
370 1549 542 1634 consuluit,
564 1571 645 1634 quos
663 1550 750 1615 bona
767 1550 894 1615 ratione
913 1549 1055 1634 donavit,

63 1658 129 1719 quos
145 1639 305 1722 videmus,
327 1638 468 1704 simodo
487 1638 548 1704 ulli
565 1641 652 1720 sunt,
674 1658 743 1701 esse
761 1658 947 1722 perpaucos.
979 1635 1055 1702 Non

15 1773 16 1784 r
62 1725 154 1808 placet
182 1729 295 1792 autem
322 1725 434 1811 paucis
461 1748 481 1791 a
508 1725 557 1789 dis
584 1724 814 1790 inmortalibus
837 1746 907 1789 esse
929 1725 1054 1789 oonsul-

15 1811 16 1818 '
63 1816 132 1899 tum3
154 1814 304 1900 sequitur
327 1836 414 1901 ergo,
436 1817 474 1879 ut
495 1813 617 1878 nemini
640 1813 824 1878 consultum
847 1813 900 1877 sit.

134 1901 223 1969 Huic
251 1903 322 1969 loeo
351 1903 396 1969 sio
420 1902 532 1968 soletis
556 1922 734 1967 occurrere:
761 1923 827 1966 non
848 1900 966 1967 ideireo
989 1904 1107 1969 111128

36 1994 180 2075 ²loptume
203 1991 301 2057 nobis
324 2014 344 2056 a
366 1991 416 2056 dis
439 2012 509 2056 esse
527 1990 703 2075 provisum,
726 1990 813 2076 quod
830 1989 926 2056 multi
943 2011 1054 2055 eorum

62 2077 204 2146 11111110
232 2101 383 2165 perverse
409 2081 592 2162 uterentur3
620 2078 719 2142 etiam
745 2078 951 2163 patrimoniis
975 2079 1055 2143 mul-

61 2169 103 2232 tos
129 2169 218 2234 male
246 2168 310 2252 uti,
337 2188 397 2234 noo
427 2167 469 2232 ob
496 2187 568 2232 eam
590 2187 722 2232 oausam
745 2188 800 2232 eos
823 2167 1055 2232 bonefioiuma

61 2257 198 2337 putribus
230 2255 357 2322 nullum
388 2254 518 2320 habere.
568 2252 786 2338 Quisquamne
817 2253 902 2320 istno
932 2255 1054 2340 negat?

62 2347 108 2407 aut
128 2366 212 2429 quae
235 2348 286 2409 est
308 2344 343 2408 in
365 2342 539 2409 collatione
560 2342 626 2408 ista
644 2341 845 2408 similitudo?
881 2340 951 2406 Nee
968 2341 1055 2404 enim

36 2427 184 2498 1Η1111111
212 2453 327 2498 nocere
349 2429 505 2496 Deianira
525 2430 643 2514 voluit,
670 2435 743 2496 oum
766 2428 796 2494 ei
818 2429 962 2494 tunicam
984 2449 1055 2492 san·

99 2519 105 2532 ’
129 2543 146 2586 1
169 2519 324 2587 Centauri
353 2519 491 2585 tinctam
518 2517 618 2602 dedit,
647 2540 707 2584 neo
734 2515 888 2602 prodesse
909 2514 1054 2580 Pheraeo

74 2609 158 2674 esoni
181 2609 221 2692 is,
244 2608 300 2694 qui
323 2607 432 2694 gladio
455 2606 615 2676 vomicam
639 2606 707 2671 eius
731 2604 867 2691 aperuit,
890 2625 988 2689 quam
1007 2623 1055 2668 sa·

61 2713 127 2761 nare
148 2695 266 2762 medici
287 2717 354 2761 non
375 2697 557 2780 potuerant.
601 2693 700 2758 Multi
723 2693 809 2759 anim
832 2696 878 2777 et,
905 2713 978 2757 cum
1001 2692 1055 2757 ob·

62 2803 121 2849 esse
143 2784 280 2868 vellent,
306 2783 498 2869 profuerunt
521 2786 567 2866 et,
589 2803 663 2847 oum
684 2781 851 2866 prodesse,
874 2778 1055 2846 obfuerunt.

35 2867 192 2937 ellenon
212 2871 252 2936 fit
274 2893 313 2936 ex
336 2892 388 2957 eo,
415 2870 501 2954 quod
524 2869 633 2953 datur,
654 2873 692 2934 ut
714 2869 866 2934 voluntas
889 2869 971 2954 eius,
1000 2869 1056 2954 qui

62 2956 188 3044 dederit,
211 2962 381 3044 appareat,
403 2979 471 3043 neo,
494 2958 523 3022 si
544 2958 582 3043 is,
606 2957 662 3041 qui
685 2957 817 3042 aooepit,
840 2957 921 3024 bene
943 2958 1056 3041 utitur,

60 3043 168 3113 ideireo
190 3047 234 3131 11,
257 3046 314 3131 qui
335 3046 437 3130 dedit,
460 3045 561 3110 amica
583 3044 680 3110 dedit.
725 3043 813 3120 Quae
836 3046 922 3112 enim
944 3045 1056 3128 libido,
1075 3057 1107 3106 11

61 3153 133 3215 quae
163 3134 315 3220 11111111,
345 3134 432 3219 quod
460 3132 584 3198 facinus
612 3137 669 3198 aut
696 3134 871 3219 suscipitur
897 3133 962 3197 nisi
984 3153 1057 3197 oon-

62 3220 126 3288 silio
149 3227 245 3308 oapto
269 3226 326 3288 aut
349 3221 417 3286 sine
441 3220 541 3286 animi
563 3223 656 3286 motu
674 3225 708 3286 11
725 3221 932 3308 rogitatione,
953 3217 989 3283 id
1006 3223 1057 3283 est

34 3310 192 3397 oratione,
218 3310 405 3396 perficitur?
450 3308 536 3375 Nam
564 3307 669 3374 omnis
693 3309 802 3394 opinio
826 3307 910 3372 ratio
933 3309 996 3390 est,
1024 3310 1057 3370 et

63 3398 182 3478 quidam
203 3398 411 3482 honoratio,
434 3397 463 3462 si
484 3417 575 3482 1111,
598 3397 686 3462 mala
708 3399 826 3479 autem,
849 3395 878 3459 si
899 3393 985 3459 falsa
1007 3398 1058 3460 est

63 3486 172 3569 opinio.
208 3484 270 3553 Sed
289 3486 385 3552 adeo
404 3489 533 3550 tantum
551 3484 712 3550 rationem
729 3482 896 3565 habemus,
915 3481 943 3544 si
961 3481 1056 3545 modo

808 3582 845 3636 9*
