2452 3938
374 204 449 262 ΟΑΡ
470 211 582 263 14-16.
601 212 617 273 ἓ
635 213 748 264 32-38
999 207 1065 274 265

65 369 151 413 mona
173 348 261 412 nllus
279 347 421 414 Peliusl'
444 349 658 436 similiterque
681 350 848 437 superiora
865 355 1065 438 repetentem

65 436 185 522 regredi
207 436 334 502 infinite
357 436 442 502 licet.

103 524 203 590 Neve
225 521 315 589 inde
337 525 449 590 navis
472 523 683 592 inchoandi
706 527 902 593 exordium

104 609 316 697 Coepisaet

42 699 220 776 ⁵Qu0rsum
242 701 323 766 haee
344 705 439 785 praet
424 701 544 767 ta't'?er1t
581 701 663 778 Quia
686 703 833 788 sequitur
853 705 950 770 illud.

102 787 198 854 Nam
224 792 430 872 numquam
458 809 523 855 era
550 811 684 856 errans
706 794 789 857 mea
811 793 921 858 domo
945 793 1048 859 ecfer
1031 815 1065 857 ι-

745 882 806 946 re‘t
828 881 976 966 pedem,

102 963 246 1048 Medea,
270 965 396 1030 animo
420 987 552 1052 aegra,
576 967 706 1032 amore
729 988 844 1033 saevo
868 969 1012 1054 saucia,

62 1053 160 1135 †non
180 1056 219 1117 ut
242 1073 298 1118 eae
320 1075 373 1119 res
396 1075 526 1119 caueam
550 1054 715 1120 adferrent
738 1055 867 1122 amoris.

123 1140 286 1206 Interesse
313 1144 370 1206 aut
371 1163 422 1207 em
446 1142 549 1226 aiunt,
577 1145 688 1209 utrum
711 1144 779 1208 eius
802 1144 891 1210 modi
914 1144 990 1229 quid
1013 1145 1065 1229 sit,
1076 1109 1118 1235 13}

32 1231 127 1294 asine
150 1250 215 1313 quo
239 1227 324 1294 effici
347 1230 470 1314 aliquid
491 1250 557 1297 non
579 1232 694 1317 posuit,
717 1253 760 1298 an
782 1233 851 1298 eiua
874 1233 970 1316 modi,
992 1253 1065 1300 cum

61 1340 121 1403 quo
145 1316 230 1383 effici
252 1317 376 1401 aliquid
397 1339 528 1384 necesse
551 1319 604 1384 eit.
640 1318 774 1387 Nulla
764 1321 828 1407 1git
828 1342 869 1385 ιιι
887 1343 997 1387 earum
1016 1325 1066 1386 est

62 1428 168 1491 causa,
197 1405 352 1491 quoniam
380 1407 473 1471 nulla
500 1428 571 1471 eam
598 1428 668 1474 rem
696 1431 755 1474 aua
777 1410 811 1476 vi
833 1409 946 1494 efficit,
976 1410 1065 1475 ouius

62 1516 156 1561 cauae
174 1493 306 1578 dicitur3
327 1515 386 1560 nec
403 1491 492 1577 id,
466 1515 535 1560 sure
555 1517 618 1580 quo
635 1497 823 1600 quippiam
823 1517 890 1562 non
902 1460 950 1581 fii,
969 1519 1067 1562 causa

61 1588 122 1668 est,
151 1582 209 1648 sed
235 1581 283 1666 id,
315 1582 402 1683 quod
428 1603 501 1649 cum
524 1584 672 1668 necessit,
700 1585 747 1670 id,
773 1585 863 1650 cuius
887 1589 937 1649 eat
959 1606 1066 1686 causa,

30 1685 50 1724 1⁵
62 1671 158 1738 efficn
189 1670 381 1736 necessario.
425 1669 579 1737 Nondum
610 1672 697 1738 enim
728 1673 873 1738 ulcerato
854 1673 1065 1758 oserpentis

61 1781 170 1826 morsu
192 1758 322 1824 Philoct
307 1761 377 1824 teta
404 1779 485 1860 quae
513 1781 611 1825 eausa
637 1760 673 1823 in
694 1781 803 1824 rerum
825 1764 944 1825 natura
966 1761 1066 1826 eonti-

60 1849 207 1931 uebatur,
228 1845 298 1912 fore
321 1848 390 1912 ut
380 1869 409 1912 ιι
427 1848 463 1912 in
480 1847 589 1913 insula
602 1847 724 1913 Lemno
743 1848 904 1932 linqueret
889 1849 966 1913 tur?
989 1853 1067 1934 post

61 1941 169 2002 autem
191 1955 289 2000 causa
305 1933 370 2000 fuit
355 1936 521 2021 tpropior
540 1940 573 2001 et
591 1957 664 2002 cum
682 1936 797 2001 exitu
787 1940 876 2001 runet
878 1936 935 2001 ior.
967 1935 1043 2002 Rat
1018 1941 1065 2002 t1o
1084 1953 1099 2000 3

60 2025 161 2176 igitur
184 2026 318 2089 eventus
340 2024 445 2109 aperit
462 2045 602 2089 caueam.
641 2022 704 2090 Sed
720 2046 759 2090 ex
778 2024 971 2090 aeternitate
990 2047 1067 2090 vera

30 2113 121 2178 afuit
143 2112 234 2178 haee
247 2112 442 2178 enuntiatiot
470 2111 730 2196 ‘Relinquetur
720 2135 756 2177 1n
777 2113 885 2178 insula
906 2112 1067 2179 Philocte·

60 2201 134 2285 tes’,
165 2221 225 2266 nec
255 2198 318 2264 hoc
345 2221 384 2264 ex
410 2220 488 2266 vero
514 2201 550 2265 in
576 2200 697 2266 falsum
719 2204 849 2286 poterat
872 2206 1066 2268 convertere.

59 2288 200 2356 Necesse
221 2291 272 2352 eet
294 2288 381 2353 enim
397 2287 432 2353 in
450 2289 547 2353 rebua
566 2289 738 2354 contrariis
757 2289 881 2354 duabus
901 2287 1067 2374 (contra-

59 2377 116 2442 ria
148 2379 258 2441 autem
289 2375 351 2441 hoe
384 2375 456 2442 loeo
489 2398 527 2442 ea
559 2377 643 2461 dieo,
680 2398 817 2461 quorum
849 2378 988 2442 alterum
1020 2379 1068 2442 ait

60 2465 145 2550 quid,
171 2465 311 2528 alterum
333 2463 461 2550 negat),
488 2485 528 2529 ex
549 2464 590 2530 iis
612 2465 715 2551 igitur
737 2485 866 2530 necesse
890 2469 940 2529 est
962 2465 1066 2532 invito

29 2564 48 2605 ²⁵
58 2553 199 2638 Epicuro
236 2552 376 2617 alterum
411 2573 523 2618 verum
560 2573 643 2636 esse,
685 2553 824 2617 alterum
859 2551 993 2638 falsum,
1029 2558 1095 2618 ιιι

60 2640 281 2706 ‘Sauciabitur
298 2639 495 2706 Philocteta?
523 2641 672 2707 omnibus
695 2643 771 2705 ante
794 2640 930 2706 saeculis
954 2662 1067 2706 verum

59 2730 134 2814 fuit,
167 2727 259 2793 ‘Non
290 2727 503 2794 sauciabitur'
533 2729 668 2813 falsum3
703 2727 768 2794 nisi
798 2728 884 2793 forte
916 2728 1066 2794 volumus

59 2817 292 2903 Epicureorum
325 2816 509 2901 opinionem
542 2817 645 2901 sequi,
678 2817 734 2900 qui
760 2816 844 2881 talea
874 2817 1067 2883 enuntiatio·

59 2927 115 2971 nes
147 2925 206 2970 nee
236 2925 331 2970 veras
367 2925 426 2971 nee
456 2905 558 2970 falsas
586 2925 656 2970 esse
685 2905 795 2970 dicunt
827 2907 896 2989 aut,
929 2926 1001 2972 eum
1033 2906 1067 2970 id

29 2993 172 3078 ³⁰pudet,
200 2991 283 3056 illud
310 2995 421 3057 tamen
443 2993 554 3059 dicunt
558 3044 566 3078 ,
539 2992 676 3077 tquod
699 2997 750 3058 est
771 2993 992 3079 inpudentius,
1015 3015 1067 3058 ve

59 3104 111 3147 rae
140 3101 210 3146 cese
238 3102 277 3145 ex
305 3081 477 3146 contrariis
500 3081 727 3166 (ιιιιιιιιιιιοιιιιι,
756 3082 825 3167 aed,
852 3103 935 3166 quae
957 3083 992 3146 in
1014 3081 1066 3146 his

59 3169 228 3235 enuntiata
251 3172 372 3252 essent,
396 3190 506 3234 eorum
529 3173 680 3235 neutrum
703 3191 774 3235 ease
796 3192 917 3234 verum.
963 3169 1066 3233 Oad·
1085 3180 1118 3230 38

31 3246 241 3322 mirabilem
264 3220 429 3322 licentiam
452 3260 486 3322 et
508 3258 756 3323 miserabilem
746 3258 883 3323 macicnt
885 3257 951 3322 iam
969 3255 1066 3320 disse-

58 3345 163 3410 rendi!
204 3342 239 3409 si
266 3345 353 3410 enim
380 3345 537 3430 aliquid
528 3369 563 3411 ιιι
590 3346 769 3430 eloquendo
791 3366 850 3410 nee
872 3365 985 3408 verum
1007 3366 1066 3409 nec

28 3433 177 3499 ³⁵falsum
201 3437 265 3517 est,
292 3437 380 3498 certe
401 3433 436 3498 id
458 3455 571 3500 verum
593 3455 660 3500 non
683 3437 745 3518 eat3
774 3431 859 3517 quod
883 3435 991 3497 eutem
1013 3453 1066 3496 ve-

58 3542 130 3587 rum
152 3542 220 3588 non
242 3525 306 3605 eet,
329 3521 384 3606 qui
406 3525 517 3608 potest
538 3543 605 3588 non
626 3522 748 3588 falsum
771 3522 863 3586 esee?
891 3523 956 3603 aut,
980 3519 1066 3604 quod
