2458 3934
172 189 236 254 116
481 186 529 240 DE
548 185 701 240 NATURA
719 184 872 240 DEORUM

171 330 270 398 deus?
305 329 396 396 Haec
418 329 528 395 omnia
545 329 581 394 in
598 328 719 412 eodem,
743 349 807 412 quo
824 329 884 393 illa
897 327 1047 411 Zenonis,
1071 350 1180 394 errore

118 434 152 485 aa
170 422 349 487 versantur.
395 417 479 494 Quid
508 417 593 482 enim
616 417 660 481 sit
682 417 811 501 melius,
839 417 916 500 quid
938 417 1181 502 praestabilius,

172 508 248 593 quid
274 507 359 571 inter
385 510 537 571 naturam
564 508 598 570 et
623 505 784 569 rationem
807 503 950 588 intersit,
976 526 1045 570 non
1068 505 1182 570 distin·

172 595 291 683 guitur.
326 594 489 677 Idemque,
512 593 542 658 si
564 592 615 658 dei
636 614 703 657 non
726 593 800 676 sint,
822 596 923 678 negat
945 613 1016 656 esse
1037 593 1183 660 inomni

170 687 289 750 natura
325 682 498 766 quicquam
528 680 660 746 homine
691 681 821 764 melius3
856 681 890 744 id
921 684 1032 746 autem
1064 685 1218 767 putares

171 792 367 857 quemquam
389 769 567 853 hominem,
589 768 673 832 nihil
695 768 826 834 homine
851 789 921 833 esse
945 769 1073 851 melius,
1098 791 1182 834 sum·
1226 773 1227 814 l

172 881 244 925 mae
277 858 490 945 adrogantiae
521 859 631 923 censet
663 877 741 922 esse.
796 855 847 921 Sit
879 877 956 921 sane
989 856 1181 944 adrogantis
1226 895 1227 901 κ

171 948 275 1035 pluris
304 969 338 1012 se
364 950 480 1032 putare
508 968 606 1030 quam
633 944 801 1026 mundum3
828 947 863 1008 at
890 944 972 1009 illud
994 966 1063 1010 non
1085 947 1182 1011 modo
1226 955 1227 958 ’

171 1058 238 1102 non
265 1035 468 1120 adrogantis,
499 1034 555 1110 sed
581 1033 691 1118 potius
717 1032 900 1118 prudentis,
926 1032 1122 1120 intellegere
1150 1056 1183 1099 se
1226 1073 1227 1078 κ

172 1125 293 1190 habere
321 1144 452 1188 sensum
474 1122 703 1205 strationem,
732 1120 812 1187 haec
835 1121 947 1185 eadem
970 1119 1129 1187 Orionem
1152 1127 1217 1187 eta

174 1211 363 1277 Caniculam
389 1231 456 1275 non
482 1209 610 1274 habere.
655 1207 711 1274 nt:
742 1206 793 1272 ‘Si
821 1208 935 1274 domus
962 1209 1104 1293 pulchra
1132 1211 1182 1293 sit,

172 1299 402 1383 intellegamus
430 1318 502 1362 eam
531 1295 692 1380 dominis',
714 1296 833 1380 inquit,
863 1296 1080 1362 ‘aedificatam
1105 1319 1183 1380 esse,

172 1408 238 1452 non
260 1385 419 1468 muribus,
450 1384 619 1470 sicigitur
642 1384 797 1449 mundum
821 1384 954 1449 deorum
974 1385 1110 1450 domum
1135 1407 1183 1450 ex·

173 1475 319 1539 istimare
343 1471 516 1538 debemus?
556 1471 610 1537 Ita
631 1493 765 1557 prorsus
787 1473 1016 1557 existimarem,
1040 1473 1070 1537 si
1088 1474 1183 1538 illum

97 1580 100 1586 '
174 1562 379 1630 aedificatum
410 1581 495 1644 esse,
525 1581 591 1625 non
622 1559 732 1645 (quem
764 1560 805 1626 ad
837 1561 969 1626 modum
997 1560 1137 1648 docebo)
1166 1578 1228 1627 aui

161 1654 292 1716 natura
315 1649 552 1715 conformatum
574 1651 733 1734 putarem.
1227 1667 1228 1703 1

122 1711 163 1837 ἐξ
241 1737 288 1803 At
307 1738 391 1802 enim
412 1737 538 1821 quaerit
557 1737 642 1821 apud
655 1735 904 1820 Xenophontem
918 1734 1081 1822 Socrates,
1099 1741 1183 1804 unde
1227 1755 1228 1758 ’

175 1828 319 1893 animum
343 1826 582 1909 arripuerimus,
606 1824 635 1888 si
655 1824 764 1889 nullus
787 1824 944 1888 fueritin
966 1826 1098 1891 mundo.
1141 1826 1183 1892 Et

176 1936 236 2000 ego
256 1935 384 1998 quaero,
407 1912 491 1977 unde
510 1911 699 1995 orationem,
722 1912 805 1977 unde
823 1933 984 1998 numeros,
1006 1914 1094 1979 unde
1114 1938 1183 1982 can·

175 2007 243 2084 tus3
269 2001 334 2065 nisi
361 2021 437 2065 vero
465 2000 555 2083 loqui
582 2001 685 2066 solem
712 2021 785 2066 cum
812 2000 891 2066 luna
913 2005 1084 2087 putamus,
1113 2021 1217 2069 cumb

174 2088 309 2175 propius
329 2088 509 2171 accesserit,
528 2091 585 2152 aut
603 2088 645 2153 ad
661 2088 867 2153 harmoniam
885 2111 998 2154 canere
1018 2091 1184 2174 mundum,

175 2180 213 2241 ut
234 2175 439 2261 Pythagoras
467 2175 641 2240 existimat.
685 2175 832 2241 Naturae
858 2177 924 2242 ista
952 2182 1042 2261 sunt,
1072 2178 1185 2262 Balbe,

174 2268 310 2330 naturae
332 2284 399 2329 non
421 2263 595 2328 artificiose
613 2263 820 2348 ambulantis,
842 2268 880 2328 ut
898 2265 945 2330 ait
963 2265 1059 2350 Zeno,
1084 2266 1185 2352 (quod

176 2353 305 2437 quidem
333 2351 428 2436 quale
457 2352 513 2433 sit,
541 2351 607 2417 iam
634 2350 829 2435 videbimus)
857 2353 913 2418 sed
936 2353 1046 2419 omnia
1070 2355 1184 2420 cientis

125 2453 159 2504 28
178 2446 211 2507 et
234 2440 392 2528 agitantis
409 2440 553 2504 motibus
571 2443 604 2504 et
622 2439 858 2504 mutationibus
877 2441 953 2506 suis
988 2440 1109 2526 Itaque
1128 2444 1184 2508 illa
1196 2459 1217 2498 2⁵

176 2530 257 2594 mihi
279 2529 430 2616 placebat
454 2527 559 2593 oratio
583 2527 622 2592 de
643 2528 868 2593 convenientia
890 2550 1115 2614 consensuque
1134 2553 1185 2596 na·

176 2622 281 2702 turae,
312 2639 409 2702 quam
439 2616 533 2700 quasi
561 2616 754 2701 cognatione
782 2616 971 2682 continuata
997 2620 1184 2703 conspirare

177 2706 315 2771 dicebas.
360 2704 448 2769 Illud
469 2725 535 2768 non
557 2704 747 2788 probabam,
773 2705 859 2788 quod
880 2706 1025 2790 negabas
1048 2705 1084 2770 id
1108 2707 1185 2772 acci-

178 2794 252 2857 dere
274 2793 429 2878 potuisse,
451 2792 516 2856 nisi
538 2813 577 2856 ea
598 2813 662 2855 uno
687 2791 795 2856 divino
819 2792 937 2876 spiritu
955 2794 1184 2860 contineretur.

177 2879 241 2943 Illa
267 2902 344 2944 vero
372 2881 524 2945 cohaeret
551 2883 584 2944 et
606 2883 774 2963 permanet
796 2884 931 2944 naturae
953 2881 1094 2965 viribus,
1122 2897 1219 2948 nonu

178 2967 319 3050 domurn,
343 2971 456 3050 estque
478 2968 514 3031 in
531 2989 569 3032 ea
586 2967 649 3032 iste
669 2967 763 3050 quasi
781 2989 964 3053 consensus,
987 2991 1087 3052 quam
1106 2987 1185 3054 nvp

178 3051 325 3119 adtletae
345 3051 461 3120 Graeci
483 3059 614 3137 vocant3
637 3055 694 3119 sed
716 3077 763 3139 ea,
787 3077 850 3139 qno
870 3078 929 3121 sua
946 3062 1062 3141 sponte
1082 3059 1186 3124 maior

179 3147 229 3208 est
261 3141 429 3207 eominus
452 3142 562 3207 divina
583 3143 710 3209 ratione
733 3143 803 3208 fieri
826 3144 1042 3210 existimanda
1064 3151 1125 3212 est.

126 3202 169 3329 ἐξ
229 3193 309 3296 'Illa
335 3233 457 3313 autem,
490 3250 572 3312 quae
599 3229 780 3296 Carneades
808 3231 988 3316 adferebat,
1021 3255 1119 3316 quem
1147 3233 1186 3300 ad

178 3319 311 3384 modum
343 3316 543 3383 dissolvitis?
577 3317 605 3380 si
633 3319 761 3384 nullum
788 3341 904 3405 corpus
931 3321 1106 3389 inmortale
1135 3323 1219 3406 siqu

178 3407 305 3471 nullum
335 3427 404 3470 esse
435 3425 551 3488 corpus
582 3407 828 3491 sempiternum
859 3430 975 3492 corpus
1003 3413 1114 3475 autem
1141 3411 1186 3474 in·

179 3494 318 3558 mortale
338 3493 465 3557 nullum
484 3513 563 3576 esse,
584 3514 626 3557 ne
643 3493 844 3560 individuum
863 3496 1000 3582 quidem,
1022 3519 1081 3563 nec
1101 3497 1187 3582 quod

18 3842 179 3894 Α-ι
220 3883 224 3890 .
