2510 3936
376 181 443 239 ΜΒ.
462 183 497 239 Π.
523 183 598 240 οΑΡ.
617 191 695 240 4-6.
715 191 730 251 s
748 190 843 241 8-14.
1047 186 1112 251 409
1197 227 1200 234 ·

99 322 253 410 profecto
283 325 323 390 ad
351 327 490 391 salutern
516 328 633 393 civium
656 329 889 415 civitatumque
911 330 1113 396 incolumita-

100 417 173 477 tem
201 413 367 498 vitamque
394 414 561 480 hominum
590 417 733 500 quietam
757 421 789 482 et
811 419 941 484 beatam
963 419 1113 484 inventas

101 522 177 566 esse
201 501 305 588 leges,
336 523 466 588 eosque,
494 504 549 588 qui
571 505 713 589 primum
736 506 804 571 eius
827 507 915 572 modi
938 508 1019 572 scita
1042 529 1112 571 san·

99 589 225 678 xerint,
252 590 383 675 populis
412 592 591 657 ostendisse
619 614 656 658 ea
684 615 718 658 se
747 595 924 679 scripturos
949 599 1044 679 atque
1068 596 1113 659 la·

71 681 207 762 sturos,
231 677 348 763 quibus
374 679 579 762 illifadscitis
604 682 826 767 susceptisque
848 681 984 748 honeste
1006 684 1113 748 beate-

102 787 168 849 que
192 765 353 850 viverent,
377 789 522 851 quaeque
545 769 592 833 ita
616 771 784 856 conposita
803 774 977 855 sanctaque
996 774 1113 854 essent,

101 875 159 918 eas
183 853 273 940 leges
296 855 447 920 videlicet
468 857 681 922 nominarent.
722 857 773 924 nx
796 880 860 942 quo
882 858 1030 943 intellegi
1052 880 1113 943 par

101 945 154 1006 est
173 963 238 1026 eos,
257 942 312 1027 qui
330 943 511 1028 perniciosa
529 948 563 1010 et
579 945 701 1010 iniusta
718 946 849 1030 populis
866 946 956 1011 iussa
975 947 1112 1031 descrip-

101 1029 215 1114 serint,
237 1051 335 1114 quom
353 1035 467 1096 contra
483 1032 620 1097 fecerint
639 1055 735 1117 quam
753 1034 892 1118 polliciti
909 1035 1112 1119 professique

59 1137 86 1175 ιο
101 1118 179 1204 sint,
194 1119 329 1202 quidvis
353 1119 462 1205 potius
480 1121 597 1186 tulisse
615 1144 712 1205 quam
731 1122 830 1208 leges,
852 1127 890 1186 ut
907 1123 1112 1208 perspicuum

101 1227 174 1270 esse
199 1207 305 1291 possit
327 1207 456 1292 inipso
479 1209 609 1274 nomine
632 1210 715 1295 legis
739 1210 983 1295 interpretando
1006 1211 1111 1275 inesse

100 1295 170 1358 vim
196 1299 229 1359 et
252 1295 448 1360 sententiam
470 1297 549 1362 iusti
573 1301 606 1362 et
628 1299 697 1362 veri
719 1298 856 1384 legendi.
902 1297 1028 1374 Quaero
1048 1298 1111 1384 igi·
1131 1314 1164 1364 12

100 1386 157 1447 tur
180 1405 200 1448 a
222 1381 269 1468 te',
297 1381 429 1468 Quinte,
452 1385 541 1450 sicut·
558 1385 609 1449 illi
633 1387 750 1451 solent:
779 1385 849 1462 Quo
873 1387 901 1451 si
924 1387 1038 1452 civitas
1063 1410 1112 1452 ca·
1162 1395 1164 1400 “

100 1474 182 1554 reat,
201 1472 332 1536 obeam
351 1472 457 1557 ipsam
476 1495 615 1557 causam,
634 1474 720 1557 quod
738 1495 775 1539 eo
794 1478 913 1559 careat,
930 1498 990 1559 pro
1008 1475 1111 1540 nihilo

61 1576 87 1616 1⁵
101 1559 253 1624 habenda
280 1561 337 1645 sit,
367 1561 400 1624 id
423 1565 514 1626 estne
536 1561 770 1626 numerandum
793 1563 827 1627 in
850 1563 968 1627 bonis?
1006 1563 1040 1642 Q.
1062 1562 1112 1627 Ao

100 1648 262 1713 maxumis
286 1649 423 1732 quidem.
455 1650 503 1714 M.
521 1649 608 1735 Lege
628 1653 736 1714 autem
755 1651 867 1715 carens
886 1650 1001 1715 civitas
1021 1653 1112 1714 estne

101 1737 145 1802 ob
168 1737 332 1821 idipsum
354 1737 503 1802 habenda
525 1739 616 1803 nullo
640 1737 734 1802 loeo?
773 1739 807 1818 Q.
829 1737 904 1802 Dici
927 1738 1023 1803 aliter
1045 1759 1112 1802 non

100 1827 219 1910 potest.
255 1825 303 1890 M.
326 1823 466 1891 Necesse
493 1830 543 1890 est
565 1825 668 1912 igitur
689 1826 797 1910 legem
820 1825 934 1891 haberi
956 1826 991 1890 in
1013 1826 1109 1890 rebus

102 1912 244 1998 optimis.
281 1913 315 1994 Q.
338 1912 475 1979 Prorsus
499 1914 672 1979 adsentior.
707 1915 755 1978 M.
780 1912 871 1998 Quid,
895 1913 1161 1997 quodmulta13

61 2019 87 2058 ²0
100 1999 289 2086 perniciose,
312 2003 417 2066 multa
439 2002 591 2087 pestifere
616 2003 796 2067 sciscuntur
813 2001 848 2066 in
865 2001 1005 2088 populis,
1028 2022 1110 2086 quae

100 2111 168 2154 non
194 2089 300 2175 magis
328 2089 410 2175 legis
438 2111 557 2155 nomen
580 2090 766 2176 adtingunt,
794 2112 891 2174 quam
915 2090 944 2155 si
965 2089 1109 2154 latrones

102 2177 230 2262 aliquas
258 2198 410 2242 consessu
434 2199 492 2243 sua
515 2178 719 2268 sonuerint?¹
739 2177 826 2243 Nam
847 2200 952 2262 neque
975 2178 1110 2244 medico-

101 2287 175 2330 rum
201 2269 376 2350 praecepta
403 2265 465 2331 dici
491 2288 566 2331 vere
593 2269 745 2351 possunt,
777 2267 805 2331 si
834 2289 915 2351 quae
942 2267 1036 2331 inscii
1064 2267 1128 2342 in<

101 2353 263 2438 peritique
280 2375 340 2439 pro
361 2353 558 2418 salutaribus
577 2353 746 2418 mortifera
765 2355 1034 2438 conscripserunt,
1056 2375 1110 2418 ne·

62 2461 88 2500 25
103 2463 165 2526 que
196 2441 231 2505 in
262 2443 383 2528 populo
416 2443 481 2525 lex,
519 2441 711 2507 cuicuimodi-
741 2440 841 2506 fuerit
871 2442 943 2525 illa,
980 2441 1109 2505 etiamsi

101 2530 317 2615 perniciosum
346 2528 468 2614 aliquid
494 2531 634 2616 populus
658 2529 826 2614 acceperit.
871 2528 961 2614 Ergo
985 2532 1035 2593 est
1057 2529 1110 2592 lex

102 2618 261 2683 iustorum
283 2618 542 2702 iniustorumque
566 2617 730 2682 distinctio
754 2616 795 2681 ad
812 2617 905 2682 illam
924 2615 1109 2700 antiquissi-

102 2729 190 2770 mam
219 2710 252 2770 et
274 2728 383 2772 rerum
406 2707 551 2772 omnium
574 2706 752 2791 principem
776 2726 927 2790 expressa
948 2707 1109 2788 naturam,

103 2795 144 2859 ad
166 2817 263 2878 quam
285 2795 375 2880 leges
398 2795 543 2860 homium
563 2794 761 2880 deriguntur,
784 2815 866 2878 quae
885 2792 1045 2877 supplicio
1063 2792 1109 2856 in·

63 2902 89 2942 ³0
103 2883 223 2968 probos
248 2883 411 2968 adficiunt,
434 2882 608 2948 defendunt
631 2903 668 2948 ac
690 2885 824 2947 tuentur
845 2881 957 2946 bonos.

169 2971 203 3052 Q.
229 2970 400 3036 Praeclare
432 2971 589 3055 intellego
623 2992 682 3036 nec
713 2991 789 3035 vero
817 2970 883 3034 iam
912 2969 1010 3034 aliam
1038 2970 1148 3035 esse6

81 3087 85 3091 ·
103 3059 206 3124 ullam
227 3060 334 3146 legem
352 3063 432 3145 puto
450 3082 515 3125 non
535 3059 631 3124 modo
649 3059 841 3142 habendam,
865 3059 921 3122 sed
938 3079 979 3121 ne
1001 3058 1109 3142 appel·

104 3149 232 3212 landam
269 3148 406 3232 quidem.
452 3148 500 3214 M
532 3148 638 3234 Igitur
674 3151 711 3212 tu
747 3145 850 3210 Titias
887 3149 919 3210 et
951 3144 1107 3229 Apuleias
1127 3157 1162 3206 14

104 3238 191 3322 leges
218 3237 326 3301 nullas
353 3237 473 3321 putas?
511 3237 545 3316 Q.
567 3236 640 3321 Ego
668 3257 744 3300 vero
771 3256 812 3298 ne
834 3233 943 3297 Livias
970 3232 1107 3315 quidem.

64 3343 91 3384 es
104 3325 150 3390 M.
172 3323 217 3388 Et
244 3330 344 3408 recte,
372 3346 453 3408 quae
481 3324 673 3408 praesertim
700 3344 764 3387 uno
792 3321 950 3387 versiculo
976 3324 1107 3385 senatus

104 3414 222 3498 prmcto
250 3413 407 3496 temporis
435 3412 583 3476 sublatae
607 3412 686 3494 sint3
713 3412 766 3476 lex
789 3413 897 3475 autem
918 3409 991 3493 illa,
1018 3409 1108 3474 ouius

104 3501 169 3566 vim
205 3500 376 3586 explicavi,
411 3521 515 3602 neque
550 3498 625 3563 tolli
661 3520 765 3583 neque
802 3497 955 3584 abrogari
989 3501 1107 3582 potest.
