2476 3936
176 158 241 223 272
541 156 590 210 DE
609 155 657 209 RE
675 153 833 210 PUBLIOA

174 299 313 370 publicae,
331 314 416 367 quam
434 296 504 351 dicit
522 313 582 352 esse
600 313 660 351 rem
677 294 785 366 populi,
803 294 940 365 populum
959 294 1050 348 autem
1067 293 1164 347 coetum

174 369 362 424 multitudinis
386 384 522 424 consensu
544 366 613 422 iuris
633 369 662 422 et
678 364 813 420 utilitatis
832 363 1025 420 communione
1043 362 1164 419 sociatum

175 443 247 522 (cap.
267 444 320 506 ab).
357 438 465 494 Deinde
485 454 595 493 omnem
613 454 673 491 rem
689 435 846 506 publicam,
870 435 931 490 sive
949 451 967 490 a
983 451 1048 504 rege
1066 433 1120 488 sive
1136 433 1164 487 ab

175 510 357 580 optimatibus
385 508 443 565 sive
470 509 506 564 ab
533 508 595 578 ipso
619 507 724 577 populo
747 504 973 576 administretur,
1000 504 1110 559 consilio
1132 520 1166 584 re·

174 581 295 650 gandam
314 596 374 636 esse
393 581 497 634 censet.
529 579 601 633 Tum
618 579 808 646 interrogatus
826 593 844 630 a
857 575 964 643 Laelio,
982 591 1064 644 quam
1081 575 1112 629 de
1125 575 1165 628 tu·

174 651 226 706 bus
245 649 307 705 istis
326 649 563 704 administrandae
580 647 659 703 illius
677 646 774 702 formis
793 646 930 717 optimam
943 645 1055 712 iudicet,
1073 645 1165 698 nullan

176 737 270 775 earum
288 720 343 775 sibi
362 720 429 775 satis
449 720 540 775 facere
558 718 719 789 respondet,
739 717 789 772 sed
808 718 937 786 quartam
956 716 1092 786 quandam
1107 717 1165 770 ten-

196 793 302 846 eratam
320 793 350 846 et
368 790 553 861 compositam
571 806 606 844 ex
624 788 751 843 omnibus
770 789 842 857 (cap.
858 791 912 858 29).
944 788 1069 842 Instante
1086 787 1167 840 autem

174 810 280 930 iaelio,
298 863 338 931 ut,
358 877 441 931 quam
460 861 495 916 de
512 860 602 915 tribus
616 858 675 913 illis
689 857 942 913 administrationis
956 857 1107 912 rationibus
1119 871 1166 908 na

174 932 249 987 xime
270 932 385 1003 probet,
408 933 504 1001 aperte
521 931 698 1002 profiteatur,
720 927 829 998 regiam
845 928 963 997 reliquis
982 928 1087 982 duabus
1103 927 1167 981 ante

174 1002 257 1073 ponit
279 1021 342 1059 cum
365 1004 520 1058 ceterorum
542 1001 738 1072 plurimorum,
761 1001 822 1054 tum
839 998 929 1070 ipsius
947 998 1047 1070 populi
1064 995 1168 1053 Romani

175 1076 259 1143 atque
283 1073 325 1128 rei
348 1075 378 1128 et
401 1072 570 1128 domesticae
590 1073 620 1126 et
636 1069 756 1125 bellicae
774 1085 827 1123 usu
845 1069 927 1124 unice
947 1068 1167 1131 commendatam

174 1139 829 1282 stilistasltalsistitmst
846 1138 1169 1280 liiilrffipiii'afilii
1220 1235 1221 1244 a

174 1285 264 1338 fessus
289 1287 345 1354 est,
368 1281 550 1352 sententiam,
573 1299 661 1352 genus
680 1281 721 1336 rei
739 1251 869 1351 publicae
887 1281 1027 1351 regendae
1047 1279 1169 1351 optimum

174 1353 246 1408 illud
260 1353 315 1408 sibi
328 1353 427 1421 videri,
441 1353 517 1422 quod
529 1353 650 1407 mixtum
663 1351 701 1407 sit
713 1368 729 1405 e
743 1351 833 1406 tribus
847 1351 906 1406 illis
920 1350 1076 1422 generibus.
1101 1348 1170 1414 Quod

174 1423 306 1492 quoniam
323 1423 466 1478 Romanae
487 1423 528 1478 rei
552 1424 682 1494 publicae
702 1422 828 1491 exemplo
847 1421 990 1477 illustrare
1008 1439 1059 1492 pro
1080 1421 1171 1476 ositum

174 1494 269 1564 habet,
287 1496 378 1562 antea,
397 1495 533 1563 quantum
549 1495 621 1548 haec
639 1492 740 1548 ceteris
758 1493 892 1564 praestet,
911 1492 967 1547 sibi
980 1439 1171 1548 ostendendum

175 1581 236 1620 esse
260 1564 331 1619 dicit
353 1567 387 1635 (c.
407 1567 532 1634 30-46).
569 1563 650 1618 Hunc
673 1565 767 1617 autem
786 1561 911 1617 Africani
930 1561 1047 1632 eiusque
1064 1561 1171 1616 familia

174 1633 761 1774 3{stabilissimusistst
776 1633 965 1759 &iiiiii
983 1632 1171 1758 ‘tillidi‘

175 1751 228 1833 ori
246 1793 264 1831 a
280 1777 310 1834 P.
325 1776 433 1832 Rutilio
451 1749 511 1845 illo,
530 1775 578 1846 qui
597 1775 717 1830 sermoni
735 1767 909 1846 interfuerat,
926 1774 1063 1830 traditum
1080 1776 1171 1828 narrat.

226 1981 466 2108 [Desiderandus
487 2026 524 2090 ia
545 2027 606 2091 cod.
635 2024 784 2092 Vaticano
800 2024 937 2108 popinae
960 2021 1089 2090 XXXI
1090 2025 1134 2106 V.]

140 2131 241 2255 {cod
260 2177 288 2229 p.
309 2153 355 2232 aa]
432 2199 438 2212 .
462 2199 469 2214 .
493 2200 501 2214 .
526 2150 673 2233 ‚impetu
695 2148 938 2232 liberavissent,
959 2168 1020 2214 neo
1044 2147 1173 2215 G..Due

175 2237 248 2322 line,
271 2236 310 2302 A.
333 2236 466 2322 Atilius,
488 2235 523 2301 L.
545 2237 697 2302 Metellus
721 2240 846 2301 terrore
868 2233 1095 2322 Karthaginis,
1115 2257 1173 2301 non

175 2325 238 2392 duo
266 2323 431 2411 Scipiones
460 2325 567 2391 oriens
596 2325 779 2390 incendium
807 2324 887 2389 belli
909 2322 1025 2390 Punici
1053 2323 1174 2390 secundi

175 2415 333 2502 sanguine
360 2436 419 2479 suo
446 2412 685 2496 restinxissent,
712 2435 771 2477 nec
798 2412 832 2476 id
854 2412 1032 2477 excitatum
1056 2413 1174 2479 maiori-

174 2504 235 2568 bus
263 2503 364 2589 copiis
388 2506 445 2567 aut
468 2500 503 2577 Q.
526 2501 687 2566 Maximus
710 2500 930 2566 enervavisset
953 2505 1011 2566 aut
1032 2500 1076 2566 M
1098 2501 1173 2566 Mar·
1194 2507 1220 2574 ⁵,

175 2591 275 2656 celius
303 2589 503 2656 contudisset
531 2593 588 2654 aut
616 2613 636 2654 a
662 2589 767 2674 portis
795 2589 891 2654 huius
918 2587 1010 2654 urbis
1035 2591 1174 2655 avolsum
1219 2603 1220 2622 ¹

174 2677 209 2744 P.
218 2677 392 2745 Africanus
407 2677 617 2763 compulisset
630 2677 718 2743 intra
731 2676 875 2743 hostium
889 2676 1026 2742 moenia.
1049 2677 1092 2743 M.
1105 2698 1173 2744 vero
1212 2699 1216 2706 ·

173 2795 201 2847 p.
221 2770 268 2848 64]
293 2766 419 2851 Oatoni,
436 2765 561 2832 homini
579 2766 694 2851 ignoto
712 2770 746 2831 et
763 2787 857 2849 noro,
876 2785 940 2849 quo
960 2787 1082 2851 omnes,
1101 2767 1107 2851 Ι
1126 2763 1175 2850 qui

172 2854 276 2918 isdem
299 2856 394 2920 rebus
419 2854 593 2939 studemus,
617 2854 709 2938 quasi
733 2852 909 2939 exemplari
928 2852 970 2918 ad
987 2852 1197 2920 industriam

173 2941 392 3027 virtutemque
420 2942 578 3027 ducimur,
605 2945 691 3008 oerte
720 2942 812 3008 licuit
835 2941 966 3007 Tusculi
993 2964 1029 3008 se
1056 2944 1091 3010 in
1113 2943 1173 3010 otio
1185 2949 1202 2990 1⁰

174 3028 334 3104 delectare
365 3031 488 3095 salubri
518 3034 551 3096 et
577 3029 761 3116 propinquo
788 3032 868 3096 loco.
913 3027 977 3096 Sed
1003 3030 1103 3098 homo
1130 3031 1174 3096 de

174 3139 274 3201 mens,
292 3121 329 3182 ut
347 3116 404 3181 isti
422 3122 548 3202 putant,
567 3141 640 3183 cum
653 3122 785 3205 cogeret
804 3140 876 3184 eum
889 3119 1068 3185 necessitas
1081 3121 1173 3200 nulla,

171 3206 208 3270 in
229 3206 281 3270 his
304 3205 398 3270 undis
422 3210 455 3270 et
473 3207 723 3292 tempestatibus
743 3208 784 3272 ad
803 3229 963 3273 summam
981 3212 1174 3275 senectutem

174 3294 290 3358 maluit
317 3293 432 3360 iactari
461 3317 558 3378 quam
585 3295 621 3359 in
643 3295 702 3361 illa
724 3296 965 3381 tranquillitate
990 3299 1089 3382 atque
1112 3297 1173 3363 otio

97 3383 101 3394 ’
173 3381 401 3458 iucundissime
420 3382 537 3448 vivere.
573 3381 699 3450 Omitto
717 3383 964 3451 innumerabilis
983 3386 1082 3471 viros,
1106 3391 1201 3470 quo-¹⁵

172 3495 199 3547 p.
215 3472 261 3550 77]
281 3491 353 3534 rum
373 3469 494 3555 singuli
513 3468 612 3535 saluti
629 3472 705 3538 huic
723 3473 849 3540 civitati
868 3471 874 3558 Ι
892 3473 1034 3560 fuenmt,
1053 3473 1172 3560 etquis
