2476 3936
172 154 238 222 330
527 129 817 206 censeremur

116 278 199 405 2321).
218 301 267 380 ro]
341 297 492 364 ....diei
522 296 636 382 possit.
681 294 765 361 'rum
794 292 940 358 Laelius:
971 291 1075 358 Video
1104 293 1178 375 iem,

171 389 280 471 illum,
307 408 403 470 quem
426 385 651 470 expectabam,
677 383 785 448 virum
806 381 859 447 cui
881 381 1049 467 praeficies
1072 379 1178 446 officio

173 480 206 541 et
228 475 362 540 muneri
388 473 490 559 ¹Huic
512 473 649 557 scilicet,
671 471 861 554 Africanus,
887 471 945 534 uni
966 491 1067 556 paene
1091 465 1179 555 (nem

172 565 208 630 in
229 563 291 629 hoc
312 563 381 628 fere
399 584 463 626 uno
487 565 563 626 sunt
585 557 721 648 cetere),
748 562 786 623 ut
808 580 987 643 numquam
1010 581 1030 623 c
1052 579 1088 622 se
1110 558 1180 642 ipso

172 650 329 722 intuendo
360 647 673 734 contemplandoque
701 646 861 732 discedet,
893 651 931 712 ut
959 646 1001 712 ad
1027 646 1180 712 imitatio
1203 663 1212 703 s

173 761 249 806 nem
272 740 323 805 sui
344 742 439 805 vocet
461 737 553 822 elios,
576 741 613 803 ut
637 756 706 802 sese
729 736 902 820 splendore
926 735 1027 800 enimi
1046 739 1079 799 et
1095 735 1182 800 'vitae

164 839 251 894 'suae
284 829 368 894 sicut
399 827 565 912 speculum
596 826 750 910 praebeat
783 823 917 904 civibus.
962 821 1010 888 Ut
1038 823 1126 890 enim
1151 822 1183 886 in

174 945 201 998 p.
221 919 269 998 26]
296 916 414 981 fidibus
443 919 500 980 aut
524 913 530 998 1
553 914 646 979 tibiis
673 917 770 996 atque
798 916 837 977 ut
863 913 899 976 in
925 913 1024 978 centu
1047 912 1121 997 ipso
1149 933 1182 975 ae

173 1005 307 1072 vocibus
335 1007 509 1070 concentus
536 1003 586 1066 est
613 1002 741 1086 quidam
771 1001 930 1066 tenendus
957 1023 997 1066 ex
1021 999 1182 1066 distinctis

174 1094 277 1178 sonis,
305 1114 400 1178 quem
426 1093 625 1157 inmutatum
652 1094 709 1155 cut
735 1088 975 1175 discrepantem
998 1111 1096 1154 eures
1119 1104 1214 1153 eru-¹⁰

175 1183 261 1248 ditae
283 1181 367 1246 ferre
389 1201 455 1246 non
477 1183 625 1266 possunt,
647 1180 739 1262 isque
757 1181 932 1243 concentus
952 1199 992 1242 ex
1010 1177 1183 1242 dissimilli-

173 1291 303 1335 marum
324 1290 440 1334 vocum
463 1267 684 1333 moderatione
707 1288 841 1332 concors
864 1269 973 1332 tamen
995 1265 1138 1331 efficitur
1154 1270 1183 1330 et

173 1377 369 1442 congruens,
397 1355 443 1421 sic
470 1377 509 1420 ex
536 1356 670 1422 summis
694 1358 727 1419 et
749 1353 869 1420 infimis
893 1358 927 1418 et
949 1355 1066 1419 mediis
1090 1355 1184 1420 inter·

173 1445 267 1511 iectie
287 1443 454 1510 ordinibus
472 1448 509 1508 ut
528 1445 624 1509 sonis
635 1443 802 1509 moderate
820 1443 949 1508 ratione
967 1442 1088 1509 civitas
1107 1440 1183 1528 conl-

174 1554 273 1600 sensu
299 1529 592 1598 dissimillimorum
619 1531 772 1614 concinit3
799 1535 833 1595 et
860 1553 943 1616 quae
969 1531 1145 1596 harmonia
1166 1546 1212 1596 e1⁵

175 1622 307 1690 musicis
331 1621 449 1687 dicitur
469 1620 505 1687 in
527 1625 634 1705 centu,
657 1642 696 1685 ee
718 1618 826 1684 estin
848 1620 982 1684 civitate
1006 1619 1182 1702 concordie,

177 1711 376 1776 artissimum
399 1714 497 1793 etque
521 1711 680 1794 optimum
704 1707 792 1773 omni
814 1707 850 1772 in
871 1707 1060 1793 republica
1078 1709 1183 1774 vineu-

175 1800 245 1866 lum
266 1797 510 1881 incolumitatis
533 1817 633 1881 eaque
657 1797 726 1862 sine
743 1795 872 1862 iustitia
889 1796 980 1862 nullo
999 1799 1100 1884 pecto
1119 1817 1182 1862 esse

178 1890 296 1973 potest.
332 1887 477 1970 (Aepust.
499 1887 611 1952 decio.
633 1887 682 1950 dei
703 1885 751 1950 Π
767 1884 835 1968 21.)

120 1986 167 2051 43
243 1978 292 2042 Ac
313 1975 420 2042 dende
441 1995 510 2040 cum
531 1975 692 2057 aliquanto
715 1974 808 2038 toties
830 1977 860 2038 et
879 1971 1004 2040 ubertus
1025 1975 1213 2042 desecte-2⁰

175 2069 221 2130 set
241 2062 383 2148 (Sapie),
405 2068 557 2146 quantum
573 2063 730 2145 prodesset
744 2062 867 2126 iustitio
884 2063 1004 2127 etoitoti
1021 2069 1182 2146 quantom-

121 2151 123 2162 ’
176 2172 234 2234 que
255 2152 376 2230 obesset,
398 2153 428 2216 st
449 2151 585 2232 afut'sset
607 2151 738 2233 suscepit
758 2151 867 2216 dende
888 2149 1011 2228 Philus,
1033 2172 1121 2219 unus
1140 2171 1182 2216 eo-

176 2260 262 2318 rum,
284 2241 338 2322 qui
359 2240 563 2322 depectione·
584 2240 722 2318 oderam,
746 2243 776 2304 et
790 2239 941 2322 poposcit,
962 2243 1001 2304 ut
1020 2237 1098 2306 haee
1119 2243 1182 2322 ipsu

176 2329 312 2411 quaestio
334 2328 512 2410 dilipenttus
533 2331 717 2392 testaretur
737 2346 775 2392 oc
795 2327 833 2392 do
853 2327 976 2392 iustitio
991 2327 1094 2410 pluro
1111 2330 1181 2394 dicc-

176 2421 284 2483 rentur
303 2421 428 2500 propter
449 2416 537 2493 illud,
559 2415 640 2498 quod
660 2417 726 2480 ium
747 2415 837 2498 culpo
857 2415 1020 2496 ferebatur,
1043 2435 1113 2482 rem
1127 2436 1181 2500 pu·
1192 2428 1211 2467 ss

177 2506 288 2571 blicam
307 2506 374 2588 peri
396 2505 462 2570 sine
484 2504 604 2568 iniuria
625 2523 688 2568 nou
704 2522 801 2586 posse.
837 2503 984 2586 (Aepust.
1009 2504 1028 2568 l.
1052 2505 1090 2589 l.)

121 2575 204 2701 3²31).
223 2595 254 2674 9]
328 2592 541 2676 ....plenem
565 2611 636 2656 esse
662 2591 815 2656 iustitiae.
861 2591 944 2657 Tum
969 2589 1093 2678 Scipio:
1124 2591 1181 2658 Ad-

177 2681 300 2747 sentior
321 2703 398 2746 vero
422 2680 635 2764 renuntioque
657 2677 751 2744 uobis
769 2679 853 2744 nihil
872 2702 951 2764 esse,
975 2681 1064 2765 quod
1082 2682 1181 2748 adhuc

176 2770 215 2835 de
237 2791 273 2834 re
295 2769 425 2854 publice
447 2767 568 2834 dictum
590 2771 740 2853 putemus
764 2770 820 2832 eut
843 2790 907 2852 quo
929 2769 1095 2853 possimus
1119 2772 1181 2836 lon·

176 2857 250 2941 gius
272 2857 434 2943 progredi,
456 2855 521 2920 nisi
539 2855 601 2921 erit
618 2856 846 2922 confirmatum
864 2877 931 2922 non
948 2856 1046 2922 modo
1064 2857 1179 2924 fulsum
1190 2870 1210 2909 ³⁰

176 2944 257 3008 illud
280 2966 359 3027 esse,
383 2945 451 3009 sine
473 2944 592 3010 iniuria
614 2965 680 3010 non
697 2967 802 3029 posse,
824 2944 882 3009 sed
899 2945 961 3010 hoe
979 2946 1179 3011 verissimum

176 3053 260 3115 esse,
290 3032 359 3097 sine
389 3054 516 3098 summe
544 3033 672 3097 iustitie
701 3053 770 3097 rem
798 3032 964 3117 publicem
994 3035 1074 3120 geri-
1094 3034 1178 3100 nullo

175 3149 203 3202 p.
224 3122 271 3202 10]
295 3121 390 3185 modo
408 3141 513 3205 posse.
549 3118 621 3204 Sed,
644 3121 673 3185 si
690 3121 807 3205 placet,
826 3120 835 3203 l
850 3121 887 3185 in
904 3121 989 3186 hunc
1008 3121 1094 3188 diem
1112 3123 1178 3188 hec·

174 3213 286 3292 tenus3
314 3208 439 3292 relique
467 3205 562 3294 (satis
591 3210 676 3273 enim
704 3209 809 3274 multe
829 3207 972 3295 restent)
996 3209 1177 3276 differemus
1226 3191 1227 3248 l

174 3296 211 3361 in
233 3296 418 3363 crastinum.
455 3295 537 3361 Cum
558 3295 607 3361 ita
629 3297 818 3381 placuisset,
840 3296 916 3362 finis
939 3296 1127 3382 disputandi
1146 3298 1208 3363 in⁸⁵

175 3405 249 3448 eum
273 3383 357 3448 diem
379 3382 484 3448 fectus
509 3385 568 3447 ost.
1096 3427 1106 3439 .

572 3507 782 3519 -—-·---—---·
