2476 3936
285 224 352 281 LIB.
371 225 392 281 I.
418 225 492 280 cAP.
512 231 626 282 40—43.
649 233 665 293 ἓ
684 234 796 283 63-67.
979 229 1059 298 301v

49 391 177 522 ssu
197 368 1046 544 &mitulus⁰325¹llt0ltll⁰littllt

49 546 134 611 eiecit
151 549 335 630 tyrannum,
359 549 409 611 est
427 547 634 630 moderatior,
655 547 761 631 quoad
780 548 878 613 sentit
897 553 930 613 et
951 549 1052 633 sapit,

48 638 77 698 et
103 656 162 700 sna
187 655 223 698 re
246 638 340 720 gesta
362 635 505 700 laetatur
527 635 674 719 tuerique
696 636 769 701 vult
791 659 849 720 per
872 657 906 702 se
928 637 1046 702 eonsti-

26 725 146 788 ⁵tutam
164 744 233 787 rem
251 722 424 807 publicam.
456 721 490 788 Si
509 723 635 808 quando
656 727 713 802 aut
726 724 797 810 regi
810 725 896 789 iusto
910 725 978 790 vim
991 747 1046 810 po·

47 811 135 894 pulus
156 809 161 894 Ι
182 810 295 876 attulit
308 831 453 897 regnove
472 833 545 876 eum
564 812 718 897 spoliavit
737 813 919 897 autetiam,
939 814 980 893 [p.
995 829 1046 878 243

46 899 76 964 id
92 899 177 984 qnod
196 899 303 964 evenit
316 899 453 984 saepius,
473 899 679 985 optimatium
694 900 885 986 sanguinem
901 901 1047 986 gustavit

47 1080 135 1160 putes
163 1080 272 1142 autem
299 1097 388 1142 mare
414 1075 518 1142 ullum
546 1079 617 1142 aut·
629 1075 794 1142 flammam
817 1097 888 1142 esse
910 1080 1046 1160 tantam,

18 1180 139 1248 ¹⁰quem
167 1186 234 1230 non
258 1163 387 1230 facilius
416 1164 460 1229 sit
487 1163 599 1230 sedare
626 1186 722 1249 quam
751 1164 940 1230 effrenatam
962 1165 1047 1230 inso-

47 1253 143 1318 lentia
166 1249 433 1337 multitudinem),
456 1256 527 1318 tum
549 1253 588 1317 fit
610 1253 700 1338 illud,
723 1253 809 1337 quod
832 1253 918 1338 apud
939 1252 1047 1318 Plato-

47 1363 115 1406 nem
143 1344 195 1406 est
216 1340 377 1406 luculente
401 1340 535 1424 dietum,
564 1341 592 1406 si
614 1341 710 1407 modo
732 1341 765 1406 id
788 1341 966 1427 exprimere
988 1341 1048 1406 La-

46 1430 109 1494 tine
135 1432 287 1514 potuer03
315 1427 445 1494 difficile
467 1428 557 1494 fastu
576 1429 581 1512 l
602 1432 665 1513 est,
692 1429 748 1494 sed
770 1430 912 1496 conabor
935 1431 976 1511 [p.
996 1446 1048 1531 aur
1057 1480 1101 1544 4,

46 1522 161 1584 tamen.
207 1515 328 1600 ‘Oumf
362 1517 448 1582 enim
474 1517 581 1601 inquit
610 1517 885 1602 ‘inexplebiles
912 1519 1048 1603 popul1
1066 1558 1101 1607 66

16 1606 174 1672 ufauees
193 1608 426 1672 exaruerunt
444 1605 646 1670 libertatis
665 1605 734 1672 siti
752 1606 942 1690 malisque
956 1627 1047 1670 usus

46 1695 111 1759 ille
133 1694 330 1759 ministris
353 1715 429 1759 non
451 1693 596 1760 modies
619 1697 888 1778 temperatam,
911 1692 975 1758 sed
993 1693 1049 1758 ni-

46 1784 334 1848 mis‘meracam
365 1781 591 1849 libertatem
624 1781 763 1847 sitiens
790 1782 936 1865 hausit,
968 1785 1047 1846 tum

46 1871 299 1957 magistratus
327 1874 365 1936 et
392 1870 602 1956 prinsipes,
633 1870 710 1934 nisi
736 1869 848 1935 valde
877 1870 983 1934 lenes
1011 1873 1048 1934 et

45 1958 196 2024 remissi
232 1958 312 2023 sint
347 1961 386 2024 et
422 1959 532 2045 large
569 1958 645 2022 sibi
681 1957 908 2024 libertatem
939 1958 1049 2022 mini-

16 2050 183 2133 astreas,
210 2047 445 2131 insequitur,
471 2046 688 2130 insimulat,
717 2046 860 2132 arguit,
887 2067 1049 2131 praepo-

45 2140 184 2220 tentes,
212 2156 338 2222 reges,
365 2139 552 2218 tyrannos
579 2133 716 2200 voeat'
761 2133 845 2199 Puto
873 2134 960 2200 enim
987 2133 1049 2199 tibi

45 2225 121 2290 haee
145 2245 215 2288 esse
237 2227 325 2288 nota.
360 2222 398 2287 L.
416 2221 502 2287 Vero
527 2222 615 2305 mihi,
638 2218 753 2310 iniquit
775 2223 841 2306 ille,
858 2243 914 2290 no·
937 2224 978 2303 [p.
999 2237 1048 2287 151

44 2313 178 2378 tissima.
218 2310 251 2378 S.
273 2310 363 2398 Ergo
386 2311 445 2374 illa
468 2314 658 2394 sequuntur:
682 2310 775 2394 ‘e0s,
799 2310 864 2394 qui
885 2313 1050 2395 pareant
1068 2324 1101 2374 67

44 2400 299 2486 principibuS,
336 2397 482 2485 agitari
520 2398 565 2462 ab
598 2419 639 2464 eo
670 2398 813 2483 populo
846 2403 884 2464 et
916 2419 1049 2468 servos

16 2487 290 2556 uvoluntarios
323 2485 530 2572 appellari3
560 2507 624 2552 eos
652 2489 791 2570 autern,
819 2486 884 2570 qui
910 2485 949 2550 in
975 2507 1050 2550 ma·

46 2579 217 2665 gistratu
246 2575 487 2661 privatorum
515 2573 664 2638 similes
693 2594 777 2638 esse
804 2573 942 2657 velint,
970 2595 1050 2639 eos-

46 2687 113 2752 que
141 2664 333 2750 privatos,
361 2662 425 2747 qui
448 2661 642 2744 efficiant,
668 2683 713 2726 ne
737 2661 826 2746 quid
849 2661 953 2726 inter
974 2662 1051 2746 pri-

44 2757 175 2819 vatum
205 2755 243 2816 et
269 2751 542 2837 magistratum
571 2749 747 2834 differat,
774 2749 904 2814 ferunt
927 2748 1050 2814 laudi·

44 2843 112 2908 bus
146 2844 183 2906 et
215 2843 386 2905 mactant
417 2837 645 2921 honoribus,
677 2841 719 2902 ut
748 2859 903 2905 neeesse
933 2837 986 2902 sit
1013 2837 1051 2902 in

15 2931 124 2996 seius
165 2928 267 2994 modi
307 2949 346 2992 re
382 2926 540 3012 publiea
574 2927 690 3011 plena
725 2925 929 2992 libertatis
967 2947 1052 2991 esse

44 3018 183 3102 omnia,
205 3019 247 3080 ut
270 3019 307 3080 et
329 3015 484 3100 privata
507 3014 638 3081 domus
662 3013 785 3080 omnis
803 3017 914 3080 vacet
933 3015 1052 3080 domi·

43 3105 214 3194 naltione
237 3107 274 3182 et
296 3103 368 3169 hoe
390 3103 530 3168 malum
553 3124 671 3186 usque
695 3102 739 3167 ad
764 3102 913 3168 bestias
938 3104 978 3182 [p.
1001 3117 1050 3166 152

42 3193 259 3281 perveniat,
301 3191 462 3275 denique
498 3193 540 3256 ut
575 3195 687 3274 pater
722 3189 852 3255 filium
888 3193 1051 3274 metuat,

43 3284 155 3349 filius
179 3284 328 3367 patrem
350 3279 548 3365 neglegat,
571 3278 675 3343 absit
703 3279 825 3345 omnis
849 3277 983 3362 pudor,
1010 3281 1053 3342 ut

15 3374 157 3458 ⁸⁵plane
171 3368 290 3435 liberi
309 3367 400 3450 sint,
422 3366 522 3430 nihil
541 3366 715 3450 intersit,
739 3365 835 3432 eivis
855 3365 908 3429 sit
927 3386 972 3429 an
991 3388 1052 3451 pe·

43 3459 236 3548 regrinus,
258 3455 447 3542 magister
469 3457 510 3518 ut
533 3453 747 3539 discipulos
771 3457 919 3519 metuat
943 3456 980 3518 et
1002 3453 1052 3518 iis

44 3546 272 3614 blandiatur
307 3546 568 3630 spernantque
604 3542 790 3628 discipuli
826 3541 1052 3628 magistros,
