<?xml version="1.0" encoding="UTF-8"?>
<!DOCTYPE html PUBLIC "-//W3C//DTD XHTML 1.0 Transitional//EN"
    "http://www.w3.org/TR/xhtml1/DTD/xhtml1-transitional.dtd">
<html xmlns="http://www.w3.org/1999/xhtml" xml:lang="en" lang="en">
 <head>
  <title>
</title>
<meta http-equiv="Content-Type" content="text/html;charset=utf-8" />
  <meta name='ocr-system' content='tesseract 3.04.00' />
  <meta name='ocr-capabilities' content='ocr_page ocr_carea ocr_par ocr_line ocrx_word'/>
</head>
<body>
  <div class='ocr_page' id='page_1' title='image "./mtulliiciceroni03mlgoog_0060.png"; bbox 0 0 2490 3950; ppageno 0'>
   <div class='ocr_carea' id='block_1_1' title="bbox 355 174 1078 243">
    <p class='ocr_par' dir='ltr' id='par_1_1' title="bbox 355 174 1078 243">
     <span class='ocr_line' id='line_1_1' title="bbox 355 174 1078 243; baseline 0.014 -15"><span class='ocrx_word' id='word_1_1' title='bbox 355 175 425 229; x_wconf 79' lang='lat' dir='ltr'>nra.</span> <span class='ocrx_word' id='word_1_2' title='bbox 444 175 464 231; x_wconf 86' lang='grc' dir='ltr'>Ι.</span> <span class='ocrx_word' id='word_1_3' title='bbox 484 174 559 233; x_wconf 74' lang='lat' dir='ltr'>chr.</span> <span class='ocrx_word' id='word_1_4' title='bbox 579 181 649 232; x_wconf 81' lang='lat' dir='ltr'>e-5</span> <span class='ocrx_word' id='word_1_5' title='bbox 667 181 682 243; x_wconf 73' lang='lat' dir='ltr'>s</span> <span class='ocrx_word' id='word_1_6' title='bbox 701 183 795 232; x_wconf 84' lang='lat' dir='ltr'>o-rr.</span> <span class='ocrx_word' id='word_1_7' title='bbox 1059 175 1078 238; x_wconf 85' lang='lat' dir='ltr'>‘l</span> 
     </span>
    </p>
   </div>
   <div class='ocr_carea' id='block_1_2' title="bbox 9 319 1138 3580">
    <p class='ocr_par' dir='ltr' id='par_1_2' title="bbox 14 319 1116 670">
     <span class='ocr_line' id='line_1_2' title="bbox 14 319 1116 405; baseline -0.004 -21"><span class='ocrx_word' id='word_1_8' title='bbox 14 329 15 332; x_wconf 76' lang='grc'>’</span> <span class='ocrx_word' id='word_1_9' title='bbox 74 339 133 404; x_wconf 91' lang='lat' dir='ltr'>que</span> <span class='ocrx_word' id='word_1_10' title='bbox 154 321 342 405; x_wconf 87' lang='lat' dir='ltr'>praeclaras</span> <span class='ocrx_word' id='word_1_11' title='bbox 366 319 491 385; x_wconf 91' lang='lat' dir='ltr'>Latinis</span> <span class='ocrx_word' id='word_1_12' title='bbox 514 321 613 386; x_wconf 87' lang='lat' dir='ltr'>etiam</span> <span class='ocrx_word' id='word_1_13' title='bbox 635 321 754 386; x_wconf 79' lang='lat' dir='ltr'>litteris</span> <span class='ocrx_word' id='word_1_14' title='bbox 778 322 948 405; x_wconf 70' lang='lat' dir='ltr'>contineri,</span> <span class='ocrx_word' id='word_1_15' title='bbox 978 341 1079 404; x_wconf 89' lang='lat' dir='ltr'>eoque</span> <span class='ocrx_word' id='word_1_16' title='bbox 1098 331 1116 380; x_wconf 87' lang='lat'><em>8</em></span> 
     </span>
     <span class='ocr_line' id='line_1_3' title="bbox 75 408 1079 495; baseline 0.001 -23"><span class='ocrx_word' id='word_1_17' title='bbox 75 430 122 472; x_wconf 90' lang='lat' dir='ltr'>me</span> <span class='ocrx_word' id='word_1_18' title='bbox 149 409 261 473; x_wconf 87' lang='lat' dir='ltr'>minus</span> <span class='ocrx_word' id='word_1_19' title='bbox 290 408 436 474; x_wconf 87' lang='lat' dir='ltr'>instituti</span> <span class='ocrx_word' id='word_1_20' title='bbox 462 409 526 474; x_wconf 92' lang='lat' dir='ltr'>mei</span> <span class='ocrx_word' id='word_1_21' title='bbox 548 409 706 495; x_wconf 89' lang='lat' dir='ltr'>paenitet,</span> <span class='ocrx_word' id='word_1_22' title='bbox 735 410 821 493; x_wconf 92' lang='lat' dir='ltr'>quod</span> <span class='ocrx_word' id='word_1_23' title='bbox 845 409 941 474; x_wconf 87' lang='lat' dir='ltr'>facile</span> <span class='ocrx_word' id='word_1_24' title='bbox 965 409 1079 491; x_wconf 85' lang='lat' dir='ltr'>sentio,</span> 
     </span>
     <span class='ocr_line' id='line_1_4' title="bbox 74 496 1080 580; baseline 0.002 -20"><span class='ocrx_word' id='word_1_25' title='bbox 74 517 167 579; x_wconf 89' lang='lat' dir='ltr'>quam</span> <span class='ocrx_word' id='word_1_26' title='bbox 198 497 380 561; x_wconf 89' lang='lat' dir='ltr'>multorum</span> <span class='ocrx_word' id='word_1_27' title='bbox 406 518 473 562; x_wconf 90' lang='lat' dir='ltr'>non</span> <span class='ocrx_word' id='word_1_28' title='bbox 498 497 594 562; x_wconf 92' lang='lat' dir='ltr'>modo</span> <span class='ocrx_word' id='word_1_29' title='bbox 617 496 771 580; x_wconf 89' lang='lat' dir='ltr'>discendi,</span> <span class='ocrx_word' id='word_1_30' title='bbox 799 497 977 562; x_wconf 85' lang='lat' dir='ltr'>sedetiam</span> <span class='ocrx_word' id='word_1_31' title='bbox 1004 497 1080 562; x_wconf 88' lang='lat' dir='ltr'>scri-</span> 
     </span>
     <span class='ocr_line' id='line_1_5' title="bbox 73 583 1079 670; baseline 0.001 -22"><span class='ocrx_word' id='word_1_32' title='bbox 73 583 167 648; x_wconf 92' lang='lat' dir='ltr'>bendi</span> <span class='ocrx_word' id='word_1_33' title='bbox 198 585 308 649; x_wconf 84' lang='lat' dir='ltr'>studia</span> <span class='ocrx_word' id='word_1_34' title='bbox 334 585 572 650; x_wconf 86' lang='lat' dir='ltr'>commoverim.</span> <span class='ocrx_word' id='word_1_35' title='bbox 617 583 808 670; x_wconf 79' lang='lat' dir='ltr'>Complures</span> <span class='ocrx_word' id='word_1_36' title='bbox 838 585 924 650; x_wconf 91' lang='lat' dir='ltr'>enim</span> <span class='ocrx_word' id='word_1_37' title='bbox 947 585 1079 650; x_wconf 82' lang='lat' dir='ltr'>Graecis</span> 
     </span>
    </p>

    <p class='ocr_par' dir='ltr' id='par_1_3' title="bbox 38 672 1138 2784">
     <span class='ocr_line' id='line_1_6' title="bbox 48 672 1080 758; baseline 0.003 -22"><span class='ocrx_word' id='word_1_38' title='bbox 48 673 335 738; x_wconf 69' lang='lat' dir='ltr'>tinstitutionibus</span> <span class='ocrx_word' id='word_1_39' title='bbox 362 672 480 738; x_wconf 87' lang='lat' dir='ltr'>eruditi</span> <span class='ocrx_word' id='word_1_40' title='bbox 509 695 560 757; x_wconf 90' lang='lat' dir='ltr'>ea,</span> <span class='ocrx_word' id='word_1_41' title='bbox 584 693 666 758; x_wconf 85' lang='lat' dir='ltr'>quae</span> <span class='ocrx_word' id='word_1_42' title='bbox 693 673 881 755; x_wconf 77' lang='lat' dir='ltr'>didicerant,</span> <span class='ocrx_word' id='word_1_43' title='bbox 909 695 982 739; x_wconf 91' lang='lat' dir='ltr'>cum</span> <span class='ocrx_word' id='word_1_44' title='bbox 1004 673 1080 739; x_wconf 80' lang='lat' dir='ltr'>civi-</span> 
     </span>
     <span class='ocr_line' id='line_1_7' title="bbox 72 760 1080 847; baseline 0.002 -23"><span class='ocrx_word' id='word_1_45' title='bbox 72 760 129 825; x_wconf 89' lang='lat' dir='ltr'>bus</span> <span class='ocrx_word' id='word_1_46' title='bbox 158 761 230 825; x_wconf 89' lang='lat' dir='ltr'>suis</span> <span class='ocrx_word' id='word_1_47' title='bbox 259 761 495 827; x_wconf 89' lang='lat' dir='ltr'>communicare</span> <span class='ocrx_word' id='word_1_48' title='bbox 521 782 587 826; x_wconf 91' lang='lat' dir='ltr'>non</span> <span class='ocrx_word' id='word_1_49' title='bbox 608 764 772 847; x_wconf 89' lang='lat' dir='ltr'>poterant,</span> <span class='ocrx_word' id='word_1_50' title='bbox 796 763 881 846; x_wconf 91' lang='lat' dir='ltr'>quod</span> <span class='ocrx_word' id='word_1_51' title='bbox 902 762 974 844; x_wconf 87' lang='lat' dir='ltr'>illa,</span> <span class='ocrx_word' id='word_1_52' title='bbox 998 782 1080 845; x_wconf 89' lang='lat' dir='ltr'>quae</span> 
     </span>
     <span class='ocr_line' id='line_1_8' title="bbox 71 847 1082 934; baseline 0.001 -22"><span class='ocrx_word' id='word_1_53' title='bbox 71 847 255 914; x_wconf 81' lang='lat' dir='ltr'>aGraecis</span> <span class='ocrx_word' id='word_1_54' title='bbox 285 849 496 934; x_wconf 73' lang='lat' dir='ltr'><strong>accepissent,</strong></span> <span class='ocrx_word' id='word_1_55' title='bbox 527 849 643 914; x_wconf 80' lang='lat' dir='ltr'>Latine</span> <span class='ocrx_word' id='word_1_56' title='bbox 670 849 733 915; x_wconf 91' lang='lat' dir='ltr'>dici</span> <span class='ocrx_word' id='word_1_57' title='bbox 763 871 858 934; x_wconf 88' lang='lat' dir='ltr'>posse</span> <span class='ocrx_word' id='word_1_58' title='bbox 890 849 1082 914; x_wconf 87' lang='lat' dir='ltr'>diffiderent.</span> 
     </span>
     <span class='ocr_line' id='line_1_9' title="bbox 71 935 1081 1024; baseline -0.001 -22"><span class='ocrx_word' id='word_1_59' title='bbox 71 935 138 1011; x_wconf 81' lang='lat' dir='ltr'>Quo</span> <span class='ocrx_word' id='word_1_60' title='bbox 163 937 203 1002; x_wconf 90' lang='lat' dir='ltr'>in</span> <span class='ocrx_word' id='word_1_61' title='bbox 225 957 344 1024; x_wconf 90' lang='lat' dir='ltr'>genere</span> <span class='ocrx_word' id='word_1_62' title='bbox 366 941 495 1002; x_wconf 86' lang='lat' dir='ltr'>tantum</span> <span class='ocrx_word' id='word_1_63' title='bbox 517 937 692 1023; x_wconf 80' lang='lat' dir='ltr'>profecisse</span> <span class='ocrx_word' id='word_1_64' title='bbox 709 937 864 1020; x_wconf 86' lang='lat' dir='ltr'>videmur,</span> <span class='ocrx_word' id='word_1_65' title='bbox 886 941 924 1002; x_wconf 91' lang='lat' dir='ltr'>ut</span> <span class='ocrx_word' id='word_1_66' title='bbox 946 937 1081 1002; x_wconf 85' lang='lat' dir='ltr'>aGrae-</span> 
     </span>
     <span class='ocr_line' id='line_1_10' title="bbox 71 1024 1115 1110; baseline -0.005 -21"><span class='ocrx_word' id='word_1_67' title='bbox 71 1026 114 1089; x_wconf 86' lang='lat' dir='ltr'>cis</span> <span class='ocrx_word' id='word_1_68' title='bbox 141 1047 187 1090; x_wconf 89' lang='lat' dir='ltr'>ne</span> <span class='ocrx_word' id='word_1_69' title='bbox 215 1025 390 1090; x_wconf 85' lang='lat' dir='ltr'>verborum</span> <span class='ocrx_word' id='word_1_70' title='bbox 417 1026 546 1110; x_wconf 88' lang='lat' dir='ltr'>quidem</span> <span class='ocrx_word' id='word_1_71' title='bbox 573 1025 666 1110; x_wconf 91' lang='lat' dir='ltr'>copia</span> <span class='ocrx_word' id='word_1_72' title='bbox 687 1026 895 1090; x_wconf 75' lang='lat' dir='ltr'>vinceremur.</span> <span class='ocrx_word' id='word_1_73' title='bbox 939 1024 1115 1090; x_wconf 82' lang='lat' dir='ltr'>Hortataa</span> 
     </span>
     <span class='ocr_line' id='line_1_11' title="bbox 38 1113 1080 1198; baseline 0.002 -21"><span class='ocrx_word' id='word_1_74' title='bbox 38 1131 59 1170; x_wconf 84' lang='lat'>1⁰</span> <span class='ocrx_word' id='word_1_75' title='bbox 71 1113 171 1178; x_wconf 87' lang='lat' dir='ltr'>etiam</span> <span class='ocrx_word' id='word_1_76' title='bbox 197 1117 259 1198; x_wconf 89' lang='lat' dir='ltr'>est,</span> <span class='ocrx_word' id='word_1_77' title='bbox 279 1117 318 1178; x_wconf 92' lang='lat' dir='ltr'>ut</span> <span class='ocrx_word' id='word_1_78' title='bbox 340 1135 391 1179; x_wconf 91' lang='lat' dir='ltr'>me</span> <span class='ocrx_word' id='word_1_79' title='bbox 414 1114 557 1179; x_wconf 89' lang='lat' dir='ltr'>adhaec</span> <span class='ocrx_word' id='word_1_80' title='bbox 580 1113 767 1197; x_wconf 84' lang='lat' dir='ltr'>conferrem,</span> <span class='ocrx_word' id='word_1_81' title='bbox 790 1113 889 1178; x_wconf 87' lang='lat' dir='ltr'>animi</span> <span class='ocrx_word' id='word_1_82' title='bbox 912 1113 1080 1198; x_wconf 77' lang='lat' dir='ltr'>aegritudo</span> 
     </span>
     <span class='ocr_line' id='line_1_12' title="bbox 69 1201 1081 1288; baseline 0 -22"><span class='ocrx_word' id='word_1_83' title='bbox 69 1201 224 1267; x_wconf 77' lang='lat' dir='ltr'>fortunae</span> <span class='ocrx_word' id='word_1_84' title='bbox 255 1222 375 1287; x_wconf 88' lang='lat' dir='ltr'>magna</span> <span class='ocrx_word' id='word_1_85' title='bbox 398 1205 431 1267; x_wconf 93' lang='lat' dir='ltr'>et</span> <span class='ocrx_word' id='word_1_86' title='bbox 460 1202 553 1288; x_wconf 80' lang='lat' dir='ltr'>gravi</span> <span class='ocrx_word' id='word_1_87' title='bbox 583 1205 745 1267; x_wconf 87' lang='lat' dir='ltr'>commota</span> <span class='ocrx_word' id='word_1_88' title='bbox 772 1201 904 1284; x_wconf 85' lang='lat' dir='ltr'>iniuria3</span> <span class='ocrx_word' id='word_1_89' title='bbox 933 1202 1022 1267; x_wconf 87' lang='lat' dir='ltr'>cuius</span> <span class='ocrx_word' id='word_1_90' title='bbox 1053 1202 1081 1266; x_wconf 90' lang='lat' dir='ltr'>si</span> 
     </span>
     <span class='ocr_line' id='line_1_13' title="bbox 70 1289 1081 1374; baseline 0 -20"><span class='ocrx_word' id='word_1_91' title='bbox 70 1289 231 1356; x_wconf 90' lang='lat' dir='ltr'>maiorem</span> <span class='ocrx_word' id='word_1_92' title='bbox 256 1290 399 1373; x_wconf 86' lang='lat' dir='ltr'>aliquam</span> <span class='ocrx_word' id='word_1_93' title='bbox 421 1290 616 1356; x_wconf 83' lang='lat' dir='ltr'>levationem</span> <span class='ocrx_word' id='word_1_94' title='bbox 638 1289 779 1374; x_wconf 86' lang='lat' dir='ltr'>reperire</span> <span class='ocrx_word' id='word_1_95' title='bbox 801 1290 995 1374; x_wconf 88' lang='lat' dir='ltr'>potuissem,</span> <span class='ocrx_word' id='word_1_96' title='bbox 1015 1311 1081 1355; x_wconf 91' lang='lat' dir='ltr'>non</span> 
     </span>
     <span class='ocr_line' id='line_1_14' title="bbox 71 1375 1082 1463; baseline -0.001 -20"><span class='ocrx_word' id='word_1_97' title='bbox 71 1378 110 1443; x_wconf 85' lang='lat' dir='ltr'>ad</span> <span class='ocrx_word' id='word_1_98' title='bbox 132 1378 222 1444; x_wconf 86' lang='lat' dir='ltr'>hane</span> <span class='ocrx_word' id='word_1_99' title='bbox 246 1375 455 1463; x_wconf 88' lang='lat' dir='ltr'>potissimum</span> <span class='ocrx_word' id='word_1_100' title='bbox 477 1378 708 1463; x_wconf 83' lang='lat' dir='ltr'>confugissem3</span> <span class='ocrx_word' id='word_1_101' title='bbox 735 1399 774 1442; x_wconf 87' lang='lat' dir='ltr'>ea</span> <span class='ocrx_word' id='word_1_102' title='bbox 795 1399 872 1444; x_wconf 81' lang='lat' dir='ltr'>vero</span> <span class='ocrx_word' id='word_1_103' title='bbox 895 1378 968 1463; x_wconf 87' lang='lat' dir='ltr'>ipsa</span> <span class='ocrx_word' id='word_1_104' title='bbox 990 1379 1082 1442; x_wconf 86' lang='lat' dir='ltr'>nulla</span> 
     </span>
     <span class='ocr_line' id='line_1_15' title="bbox 71 1465 1082 1550; baseline -0.002 -18"><span class='ocrx_word' id='word_1_105' title='bbox 71 1467 200 1532; x_wconf 86' lang='lat' dir='ltr'>ratione</span> <span class='ocrx_word' id='word_1_106' title='bbox 224 1465 341 1531; x_wconf 90' lang='lat' dir='ltr'>melius</span> <span class='ocrx_word' id='word_1_107' title='bbox 363 1465 428 1530; x_wconf 89' lang='lat' dir='ltr'>frui</span> <span class='ocrx_word' id='word_1_108' title='bbox 449 1466 556 1550; x_wconf 88' lang='lat' dir='ltr'>potui,</span> <span class='ocrx_word' id='word_1_109' title='bbox 584 1487 681 1550; x_wconf 87' lang='lat' dir='ltr'>quam</span> <span class='ocrx_word' id='word_1_110' title='bbox 705 1466 733 1530; x_wconf 89' lang='lat' dir='ltr'>si</span> <span class='ocrx_word' id='word_1_111' title='bbox 755 1488 806 1531; x_wconf 91' lang='lat' dir='ltr'>me</span> <span class='ocrx_word' id='word_1_112' title='bbox 832 1487 900 1532; x_wconf 93' lang='lat' dir='ltr'>non</span> <span class='ocrx_word' id='word_1_113' title='bbox 920 1467 1017 1532; x_wconf 91' lang='lat' dir='ltr'>modo</span> <span class='ocrx_word' id='word_1_114' title='bbox 1040 1466 1082 1531; x_wconf 91' lang='lat' dir='ltr'>ad</span> 
     </span>
     <span class='ocr_line' id='line_1_16' title="bbox 40 1553 1083 1640; baseline 0.002 -22"><span class='ocrx_word' id='word_1_115' title='bbox 40 1554 230 1640; x_wconf 69' lang='lat' dir='ltr'>relegendos</span> <span class='ocrx_word' id='word_1_116' title='bbox 263 1554 379 1638; x_wconf 86' lang='lat' dir='ltr'>libros,</span> <span class='ocrx_word' id='word_1_117' title='bbox 410 1553 466 1619; x_wconf 90' lang='lat' dir='ltr'>sed</span> <span class='ocrx_word' id='word_1_118' title='bbox 500 1554 599 1619; x_wconf 89' lang='lat' dir='ltr'>etiam</span> <span class='ocrx_word' id='word_1_119' title='bbox 631 1554 672 1618; x_wconf 89' lang='lat' dir='ltr'>ad</span> <span class='ocrx_word' id='word_1_120' title='bbox 703 1557 808 1620; x_wconf 88' lang='lat' dir='ltr'>totam</span> <span class='ocrx_word' id='word_1_121' title='bbox 839 1554 1083 1640; x_wconf 83' lang='lat' dir='ltr'>philosophiam</span> 
     </span>
     <span class='ocr_line' id='line_1_17' title="bbox 71 1641 1082 1727; baseline -0.002 -19"><span class='ocrx_word' id='word_1_122' title='bbox 71 1642 339 1727; x_wconf 83' lang='lat' dir='ltr'>pertractandam</span> <span class='ocrx_word' id='word_1_123' title='bbox 370 1642 536 1708; x_wconf 89' lang='lat' dir='ltr'>dedissem.</span> <span class='ocrx_word' id='word_1_124' title='bbox 581 1641 700 1707; x_wconf 85' lang='lat' dir='ltr'>Omnes</span> <span class='ocrx_word' id='word_1_125' title='bbox 733 1646 842 1707; x_wconf 89' lang='lat' dir='ltr'>autem</span> <span class='ocrx_word' id='word_1_126' title='bbox 872 1642 940 1706; x_wconf 87' lang='lat' dir='ltr'>eius</span> <span class='ocrx_word' id='word_1_127' title='bbox 971 1645 1082 1726; x_wconf 87' lang='lat' dir='ltr'>partes</span> 
     </span>
     <span class='ocr_line' id='line_1_18' title="bbox 72 1730 1084 1816; baseline 0 -21"><span class='ocrx_word' id='word_1_128' title='bbox 72 1736 170 1816; x_wconf 89' lang='lat' dir='ltr'>atque</span> <span class='ocrx_word' id='word_1_129' title='bbox 199 1731 311 1797; x_wconf 88' lang='lat' dir='ltr'>omnia</span> <span class='ocrx_word' id='word_1_130' title='bbox 337 1730 482 1795; x_wconf 91' lang='lat' dir='ltr'>membra</span> <span class='ocrx_word' id='word_1_131' title='bbox 508 1734 579 1795; x_wconf 89' lang='lat' dir='ltr'>tum</span> <span class='ocrx_word' id='word_1_132' title='bbox 605 1730 771 1795; x_wconf 84' lang='lat' dir='ltr'>facillume</span> <span class='ocrx_word' id='word_1_133' title='bbox 792 1733 982 1810; x_wconf 87' lang='lat' dir='ltr'>noscuntur,</span> <span class='ocrx_word' id='word_1_134' title='bbox 1009 1752 1084 1795; x_wconf 90' lang='lat' dir='ltr'>eum</span> 
     </span>
     <span class='ocr_line' id='line_1_19' title="bbox 71 1817 1083 1903; baseline -0.002 -21"><span class='ocrx_word' id='word_1_135' title='bbox 71 1822 162 1884; x_wconf 89' lang='lat' dir='ltr'>totae</span> <span class='ocrx_word' id='word_1_136' title='bbox 187 1818 395 1903; x_wconf 86' lang='lat' dir='ltr'>quaestiones</span> <span class='ocrx_word' id='word_1_137' title='bbox 418 1818 586 1884; x_wconf 89' lang='lat' dir='ltr'>scribendo</span> <span class='ocrx_word' id='word_1_138' title='bbox 610 1817 825 1903; x_wconf 72' lang='lat' dir='ltr'>explicantur,</span> <span class='ocrx_word' id='word_1_139' title='bbox 848 1822 899 1882; x_wconf 85' lang='lat' dir='ltr'>est</span> <span class='ocrx_word' id='word_1_140' title='bbox 921 1817 1007 1882; x_wconf 90' lang='lat' dir='ltr'>enim</span> <span class='ocrx_word' id='word_1_141' title='bbox 1030 1817 1083 1882; x_wconf 87' lang='lat' dir='ltr'>ad·</span> 
     </span>
     <span class='ocr_line' id='line_1_20' title="bbox 72 1905 1083 1990; baseline -0.002 -18"><span class='ocrx_word' id='word_1_142' title='bbox 72 1907 237 1972; x_wconf 89' lang='lat' dir='ltr'>mirabilis</span> <span class='ocrx_word' id='word_1_143' title='bbox 256 1907 414 1990; x_wconf 89' lang='lat' dir='ltr'>quaedam</span> <span class='ocrx_word' id='word_1_144' title='bbox 428 1906 628 1972; x_wconf 90' lang='lat' dir='ltr'>continuatio</span> <span class='ocrx_word' id='word_1_145' title='bbox 648 1905 810 1990; x_wconf 88' lang='lat' dir='ltr'>seriesque</span> <span class='ocrx_word' id='word_1_146' title='bbox 828 1927 944 1989; x_wconf 86' lang='lat' dir='ltr'>rerum,</span> <span class='ocrx_word' id='word_1_147' title='bbox 962 1909 999 1970; x_wconf 91' lang='lat' dir='ltr'>ut</span> <span class='ocrx_word' id='word_1_148' title='bbox 1017 1905 1083 1970; x_wconf 88' lang='lat' dir='ltr'>alie</span> 
     </span>
     <span class='ocr_line' id='line_1_21' title="bbox 40 1995 1082 2080; baseline 0 -21"><span class='ocrx_word' id='word_1_149' title='bbox 40 2013 110 2059; x_wconf 77' lang='lat' dir='ltr'>uer</span> <span class='ocrx_word' id='word_1_150' title='bbox 138 1995 206 2061; x_wconf 86' lang='lat' dir='ltr'>alia</span> <span class='ocrx_word' id='word_1_151' title='bbox 234 2015 318 2059; x_wconf 85' lang='lat' dir='ltr'>nexa</span> <span class='ocrx_word' id='word_1_152' title='bbox 345 1998 379 2059; x_wconf 93' lang='lat' dir='ltr'>et</span> <span class='ocrx_word' id='word_1_153' title='bbox 405 2016 517 2060; x_wconf 89' lang='lat' dir='ltr'>omnes</span> <span class='ocrx_word' id='word_1_154' title='bbox 543 1995 630 2059; x_wconf 87' lang='lat' dir='ltr'>inter</span> <span class='ocrx_word' id='word_1_155' title='bbox 654 2015 689 2059; x_wconf 90' lang='lat' dir='ltr'>se</span> <span class='ocrx_word' id='word_1_156' title='bbox 716 1997 812 2080; x_wconf 86' lang='lat' dir='ltr'>aptae</span> <span class='ocrx_word' id='word_1_157' title='bbox 835 1995 1082 2080; x_wconf 83' lang='lat' dir='ltr'>conligataeque</span> 
     </span>
     <span class='ocr_line' id='line_1_22' title="bbox 73 2049 1138 2176; baseline 0.001 -30"><span class='ocrx_word' id='word_1_158' title='bbox 73 2084 255 2149; x_wconf 82' lang='lat' dir='ltr'>videantur.</span> <span class='ocrx_word' id='word_1_159' title='bbox 300 2082 362 2158; x_wconf 85' lang='lat' dir='ltr'>Qui</span> <span class='ocrx_word' id='word_1_160' title='bbox 389 2087 497 2148; x_wconf 88' lang='lat' dir='ltr'>autem</span> <span class='ocrx_word' id='word_1_161' title='bbox 520 2075 701 2167; x_wconf 85' lang='lat' dir='ltr'>requirunt,</span> <span class='ocrx_word' id='word_1_162' title='bbox 729 2082 807 2166; x_wconf 92' lang='lat' dir='ltr'>quid</span> <span class='ocrx_word' id='word_1_163' title='bbox 836 2103 963 2166; x_wconf 91' lang='lat' dir='ltr'>quaque</span> <span class='ocrx_word' id='word_1_164' title='bbox 985 2083 1025 2148; x_wconf 91' lang='lat' dir='ltr'>de</span> <span class='ocrx_word' id='word_1_165' title='bbox 1047 2103 1082 2147; x_wconf 91' lang='lat' dir='ltr'>re</span> <span class='ocrx_word' id='word_1_166' title='bbox 1101 2049 1138 2176; x_wconf 49' lang='lat' dir='ltr'>fo·</span> 
     </span>
     <span class='ocr_line' id='line_1_23' title="bbox 73 2169 1082 2256; baseline 0 -21"><span class='ocrx_word' id='word_1_167' title='bbox 73 2171 136 2256; x_wconf 90' lang='lat' dir='ltr'>ipsi</span> <span class='ocrx_word' id='word_1_168' title='bbox 159 2171 350 2255; x_wconf 81' lang='lat' dir='ltr'>sentiamus,</span> <span class='ocrx_word' id='word_1_169' title='bbox 372 2171 528 2236; x_wconf 87' lang='lat' dir='ltr'>curiosius</span> <span class='ocrx_word' id='word_1_170' title='bbox 546 2170 580 2235; x_wconf 91' lang='lat' dir='ltr'>id</span> <span class='ocrx_word' id='word_1_171' title='bbox 597 2169 730 2255; x_wconf 88' lang='lat' dir='ltr'>faciunt,</span> <span class='ocrx_word' id='word_1_172' title='bbox 753 2192 850 2254; x_wconf 92' lang='lat' dir='ltr'>quam</span> <span class='ocrx_word' id='word_1_173' title='bbox 868 2192 998 2236; x_wconf 87' lang='lat' dir='ltr'>necesse</span> <span class='ocrx_word' id='word_1_174' title='bbox 1016 2174 1082 2254; x_wconf 78' lang='lat' dir='ltr'>est3</span> 
     </span>
     <span class='ocr_line' id='line_1_24' title="bbox 74 2258 1082 2344; baseline 0 -21"><span class='ocrx_word' id='word_1_175' title='bbox 74 2259 252 2325; x_wconf 90' lang='lat' dir='ltr'>nonenim</span> <span class='ocrx_word' id='word_1_176' title='bbox 278 2263 347 2324; x_wconf 88' lang='lat' dir='ltr'>tam</span> <span class='ocrx_word' id='word_1_177' title='bbox 370 2263 517 2324; x_wconf 86' lang='lat' dir='ltr'>auctores</span> <span class='ocrx_word' id='word_1_178' title='bbox 539 2259 575 2322; x_wconf 91' lang='lat' dir='ltr'>in</span> <span class='ocrx_word' id='word_1_179' title='bbox 602 2259 796 2344; x_wconf 88' lang='lat' dir='ltr'>disputando</span> <span class='ocrx_word' id='word_1_180' title='bbox 820 2280 918 2343; x_wconf 88' lang='lat' dir='ltr'>quam</span> <span class='ocrx_word' id='word_1_181' title='bbox 945 2258 1082 2324; x_wconf 86' lang='lat' dir='ltr'>rationis</span> 
     </span>
     <span class='ocr_line' id='line_1_25' title="bbox 76 2345 1083 2432; baseline -0.002 -20"><span class='ocrx_word' id='word_1_182' title='bbox 76 2352 243 2414; x_wconf 86' lang='lat' dir='ltr'>momenta</span> <span class='ocrx_word' id='word_1_183' title='bbox 265 2347 446 2432; x_wconf 89' lang='lat' dir='ltr'>quaerenda</span> <span class='ocrx_word' id='word_1_184' title='bbox 468 2350 553 2412; x_wconf 87' lang='lat' dir='ltr'>sunt.</span> <span class='ocrx_word' id='word_1_185' title='bbox 598 2345 683 2423; x_wconf 87' lang='lat' dir='ltr'>Quin</span> <span class='ocrx_word' id='word_1_186' title='bbox 705 2347 805 2412; x_wconf 89' lang='lat' dir='ltr'>etiam</span> <span class='ocrx_word' id='word_1_187' title='bbox 828 2348 921 2412; x_wconf 88' lang='lat' dir='ltr'>obest</span> <span class='ocrx_word' id='word_1_188' title='bbox 943 2347 1083 2432; x_wconf 90' lang='lat' dir='ltr'>plerum-</span> 
     </span>
     <span class='ocr_line' id='line_1_26' title="bbox 42 2434 1083 2522; baseline -0.004 -20"><span class='ocrx_word' id='word_1_189' title='bbox 42 2453 136 2519; x_wconf 65' lang='lat' dir='ltr'>eque</span> <span class='ocrx_word' id='word_1_190' title='bbox 157 2437 214 2522; x_wconf 89' lang='lat' dir='ltr'>iis,</span> <span class='ocrx_word' id='word_1_191' title='bbox 243 2435 300 2520; x_wconf 91' lang='lat' dir='ltr'>qui</span> <span class='ocrx_word' id='word_1_192' title='bbox 322 2434 442 2500; x_wconf 89' lang='lat' dir='ltr'>discere</span> <span class='ocrx_word' id='word_1_193' title='bbox 464 2436 592 2519; x_wconf 88' lang='lat' dir='ltr'>volunt,</span> <span class='ocrx_word' id='word_1_194' title='bbox 620 2435 797 2500; x_wconf 87' lang='lat' dir='ltr'>auctoritas</span> <span class='ocrx_word' id='word_1_195' title='bbox 821 2455 945 2517; x_wconf 91' lang='lat' dir='ltr'>eorum,</span> <span class='ocrx_word' id='word_1_196' title='bbox 969 2434 1025 2517; x_wconf 89' lang='lat' dir='ltr'>qui</span> <span class='ocrx_word' id='word_1_197' title='bbox 1048 2453 1083 2498; x_wconf 87' lang='lat' dir='ltr'>se</span> 
     </span>
     <span class='ocr_line' id='line_1_27' title="bbox 78 2521 1083 2609; baseline -0.003 -21"><span class='ocrx_word' id='word_1_198' title='bbox 78 2525 188 2591; x_wconf 88' lang='lat' dir='ltr'>docere</span> <span class='ocrx_word' id='word_1_199' title='bbox 216 2524 424 2609; x_wconf 71' lang='lat' dir='ltr'>profitentur,</span> <span class='ocrx_word' id='word_1_200' title='bbox 452 2522 602 2589; x_wconf 88' lang='lat' dir='ltr'>desinunt</span> <span class='ocrx_word' id='word_1_201' title='bbox 624 2523 710 2588; x_wconf 87' lang='lat' dir='ltr'>enim</span> <span class='ocrx_word' id='word_1_202' title='bbox 737 2543 831 2588; x_wconf 90' lang='lat' dir='ltr'>suum</span> <span class='ocrx_word' id='word_1_203' title='bbox 853 2521 1007 2588; x_wconf 89' lang='lat' dir='ltr'>iudicium</span> <span class='ocrx_word' id='word_1_204' title='bbox 1030 2521 1083 2586; x_wconf 90' lang='lat' dir='ltr'>ad-</span> 
     </span>
     <span class='ocr_line' id='line_1_28' title="bbox 78 2610 1083 2697; baseline -0.003 -20"><span class='ocrx_word' id='word_1_205' title='bbox 78 2611 200 2697; x_wconf 90' lang='lat' dir='ltr'>hibere,</span> <span class='ocrx_word' id='word_1_206' title='bbox 224 2611 258 2676; x_wconf 92' lang='lat' dir='ltr'>id</span> <span class='ocrx_word' id='word_1_207' title='bbox 280 2611 402 2679; x_wconf 88' lang='lat' dir='ltr'>habent</span> <span class='ocrx_word' id='word_1_208' title='bbox 424 2614 546 2696; x_wconf 87' lang='lat' dir='ltr'>ratum,</span> <span class='ocrx_word' id='word_1_209' title='bbox 569 2611 655 2696; x_wconf 89' lang='lat' dir='ltr'>quod</span> <span class='ocrx_word' id='word_1_210' title='bbox 678 2612 719 2676; x_wconf 87' lang='lat' dir='ltr'>ab</span> <span class='ocrx_word' id='word_1_211' title='bbox 743 2632 791 2694; x_wconf 91' lang='lat' dir='ltr'>eo,</span> <span class='ocrx_word' id='word_1_212' title='bbox 814 2632 910 2694; x_wconf 89' lang='lat' dir='ltr'>quem</span> <span class='ocrx_word' id='word_1_213' title='bbox 932 2610 1083 2694; x_wconf 90' lang='lat' dir='ltr'>probant,</span> 
     </span>
     <span class='ocr_line' id='line_1_29' title="bbox 78 2697 1084 2784; baseline -0.002 -20"><span class='ocrx_word' id='word_1_214' title='bbox 78 2701 255 2767; x_wconf 87' lang='lat' dir='ltr'>iudicatum</span> <span class='ocrx_word' id='word_1_215' title='bbox 284 2699 403 2764; x_wconf 85' lang='lat' dir='ltr'>vident.</span> <span class='ocrx_word' id='word_1_216' title='bbox 447 2699 516 2764; x_wconf 90' lang='lat' dir='ltr'>Nec</span> <span class='ocrx_word' id='word_1_217' title='bbox 545 2720 622 2764; x_wconf 85' lang='lat' dir='ltr'>vero</span> <span class='ocrx_word' id='word_1_218' title='bbox 648 2699 788 2784; x_wconf 88' lang='lat' dir='ltr'>probare</span> <span class='ocrx_word' id='word_1_219' title='bbox 811 2698 900 2764; x_wconf 91' lang='lat' dir='ltr'>soleo</span> <span class='ocrx_word' id='word_1_220' title='bbox 922 2697 970 2781; x_wconf 88' lang='lat' dir='ltr'>id,</span> <span class='ocrx_word' id='word_1_221' title='bbox 998 2697 1084 2782; x_wconf 90' lang='lat' dir='ltr'>quod</span> 
     </span>
    </p>

    <p class='ocr_par' dir='ltr' id='par_1_4' title="bbox 9 2785 1084 2873">
     <span class='ocr_line' id='line_1_30' title="bbox 9 2785 1084 2873; baseline -0.003 -20"><span class='ocrx_word' id='word_1_222' title='bbox 9 2793 10 2808; x_wconf 64' lang='lat'>¹</span> <span class='ocrx_word' id='word_1_223' title='bbox 80 2787 115 2854; x_wconf 89' lang='lat' dir='ltr'>de</span> <span class='ocrx_word' id='word_1_224' title='bbox 135 2788 355 2873; x_wconf 82' lang='lat' dir='ltr'>Pythagoreis</span> <span class='ocrx_word' id='word_1_225' title='bbox 378 2787 573 2871; x_wconf 87' lang='lat' dir='ltr'>accepimus,</span> <span class='ocrx_word' id='word_1_226' title='bbox 595 2808 676 2871; x_wconf 88' lang='lat' dir='ltr'>quos</span> <span class='ocrx_word' id='word_1_227' title='bbox 698 2787 817 2870; x_wconf 87' lang='lat' dir='ltr'>ferunt,</span> <span class='ocrx_word' id='word_1_228' title='bbox 840 2785 868 2851; x_wconf 90' lang='lat' dir='ltr'>si</span> <span class='ocrx_word' id='word_1_229' title='bbox 890 2785 969 2869; x_wconf 90' lang='lat' dir='ltr'>quid</span> <span class='ocrx_word' id='word_1_230' title='bbox 990 2786 1084 2852; x_wconf 89' lang='lat' dir='ltr'>adfir-</span> 
     </span>
    </p>

    <p class='ocr_par' dir='ltr' id='par_1_5' title="bbox 45 2875 1136 3312">
     <span class='ocr_line' id='line_1_31' title="bbox 45 2875 1083 2960; baseline -0.002 -18"><span class='ocrx_word' id='word_1_231' title='bbox 45 2881 205 2942; x_wconf 75' lang='lat' dir='ltr'>³⁰marent</span> <span class='ocrx_word' id='word_1_232' title='bbox 227 2875 262 2940; x_wconf 91' lang='lat' dir='ltr'>in</span> <span class='ocrx_word' id='word_1_233' title='bbox 284 2875 488 2960; x_wconf 85' lang='lat' dir='ltr'>disputando,</span> <span class='ocrx_word' id='word_1_234' title='bbox 510 2897 584 2940; x_wconf 91' lang='lat' dir='ltr'>eum</span> <span class='ocrx_word' id='word_1_235' title='bbox 606 2897 646 2939; x_wconf 87' lang='lat' dir='ltr'>ex</span> <span class='ocrx_word' id='word_1_236' title='bbox 668 2875 715 2940; x_wconf 90' lang='lat' dir='ltr'>eis</span> <span class='ocrx_word' id='word_1_237' title='bbox 738 2877 956 2960; x_wconf 86' lang='lat' dir='ltr'>quaereretur,</span> <span class='ocrx_word' id='word_1_238' title='bbox 984 2895 1083 2958; x_wconf 87' lang='lat' dir='ltr'>quare</span> 
     </span>
     <span class='ocr_line' id='line_1_32' title="bbox 81 2960 1083 3049; baseline 0 -21"><span class='ocrx_word' id='word_1_239' title='bbox 81 2964 127 3030; x_wconf 86' lang='lat' dir='ltr'>ito.</span> <span class='ocrx_word' id='word_1_240' title='bbox 154 2965 256 3048; x_wconf 85' lang='lat' dir='ltr'>esset,</span> <span class='ocrx_word' id='word_1_241' title='bbox 286 2964 480 3049; x_wconf 87' lang='lat' dir='ltr'>respondere</span> <span class='ocrx_word' id='word_1_242' title='bbox 511 2963 640 3030; x_wconf 86' lang='lat' dir='ltr'>solitos:</span> <span class='ocrx_word' id='word_1_243' title='bbox 673 2961 775 3048; x_wconf 73' lang='lat' dir='ltr'>‘Ipse</span> <span class='ocrx_word' id='word_1_244' title='bbox 807 2961 930 3028; x_wconf 88' lang='lat' dir='ltr'>dixit&#39;.</span> <span class='ocrx_word' id='word_1_245' title='bbox 976 2960 1083 3047; x_wconf 71' lang='lat' dir='ltr'>‘Ipse’</span> 
     </span>
     <span class='ocr_line' id='line_1_33' title="bbox 83 3049 1084 3138; baseline -0.003 -21"><span class='ocrx_word' id='word_1_246' title='bbox 83 3057 185 3120; x_wconf 84' lang='lat' dir='ltr'>eutem</span> <span class='ocrx_word' id='word_1_247' title='bbox 209 3054 280 3116; x_wconf 87' lang='lat' dir='ltr'>erat</span> <span class='ocrx_word' id='word_1_248' title='bbox 302 3051 516 3138; x_wconf 86' lang='lat' dir='ltr'>Pythagoras.</span> <span class='ocrx_word' id='word_1_249' title='bbox 562 3049 703 3116; x_wconf 83' lang='lat' dir='ltr'>Tantum</span> <span class='ocrx_word' id='word_1_250' title='bbox 730 3051 840 3136; x_wconf 91' lang='lat' dir='ltr'>opinio</span> <span class='ocrx_word' id='word_1_251' title='bbox 863 3051 1084 3136; x_wconf 87' lang='lat' dir='ltr'>praeiudicata</span> 
     </span>
     <span class='ocr_line' id='line_1_34' title="bbox 82 3137 1136 3225; baseline -0.011 -17"><span class='ocrx_word' id='word_1_252' title='bbox 82 3145 216 3225; x_wconf 87' lang='lat' dir='ltr'>poterat,</span> <span class='ocrx_word' id='word_1_253' title='bbox 238 3142 276 3204; x_wconf 91' lang='lat' dir='ltr'>ut</span> <span class='ocrx_word' id='word_1_254' title='bbox 299 3140 398 3205; x_wconf 86' lang='lat' dir='ltr'>etiam</span> <span class='ocrx_word' id='word_1_255' title='bbox 417 3140 486 3203; x_wconf 86' lang='lat' dir='ltr'>sine</span> <span class='ocrx_word' id='word_1_256' title='bbox 508 3138 635 3204; x_wconf 88' lang='lat' dir='ltr'>ratione</span> <span class='ocrx_word' id='word_1_257' title='bbox 653 3138 778 3204; x_wconf 88' lang='lat' dir='ltr'>valeret</span> <span class='ocrx_word' id='word_1_258' title='bbox 801 3140 986 3205; x_wconf 87' lang='lat' dir='ltr'>auctoritas.</span> <span class='ocrx_word' id='word_1_259' title='bbox 1021 3137 1083 3214; x_wconf 86' lang='lat' dir='ltr'>Qui</span> <span class='ocrx_word' id='word_1_260' title='bbox 1103 3146 1136 3196; x_wconf 85' lang='lat'>11</span> 
     </span>
     <span class='ocr_line' id='line_1_35' title="bbox 83 3225 1085 3312; baseline -0.002 -20"><span class='ocrx_word' id='word_1_261' title='bbox 83 3234 186 3295; x_wconf 88' lang='lat' dir='ltr'>autem</span> <span class='ocrx_word' id='word_1_262' title='bbox 216 3228 418 3293; x_wconf 88' lang='lat' dir='ltr'>admirantur</span> <span class='ocrx_word' id='word_1_263' title='bbox 445 3247 505 3292; x_wconf 80' lang='lat' dir='ltr'>nor</span> <span class='ocrx_word' id='word_1_264' title='bbox 535 3227 619 3292; x_wconf 83' lang='lat' dir='ltr'>hane</span> <span class='ocrx_word' id='word_1_265' title='bbox 644 3226 851 3312; x_wconf 86' lang='lat' dir='ltr'>potissimum</span> <span class='ocrx_word' id='word_1_266' title='bbox 879 3225 1085 3310; x_wconf 88' lang='lat' dir='ltr'>disciplinam</span> 
     </span>
    </p>

    <p class='ocr_par' dir='ltr' id='par_1_6' title="bbox 48 3312 1085 3580">
     <span class='ocr_line' id='line_1_36' title="bbox 48 3312 1085 3401; baseline -0.003 -21"><span class='ocrx_word' id='word_1_267' title='bbox 48 3322 219 3401; x_wconf 67' lang='lat' dir='ltr'>assecutos,</span> <span class='ocrx_word' id='word_1_268' title='bbox 245 3315 286 3380; x_wconf 79' lang='lat' dir='ltr'>ii·</span> <span class='ocrx_word' id='word_1_269' title='bbox 315 3319 469 3401; x_wconf 88' lang='lat' dir='ltr'>quattuor</span> <span class='ocrx_word' id='word_1_270' title='bbox 496 3313 696 3381; x_wconf 83' lang='lat' dir='ltr'>Academicis</span> <span class='ocrx_word' id='word_1_271' title='bbox 726 3315 820 3380; x_wconf 88' lang='lat' dir='ltr'>libris</span> <span class='ocrx_word' id='word_1_272' title='bbox 850 3312 930 3378; x_wconf 87' lang='lat' dir='ltr'>satis</span> <span class='ocrx_word' id='word_1_273' title='bbox 954 3333 1085 3397; x_wconf 88' lang='lat' dir='ltr'>respon·</span> 
     </span>
     <span class='ocr_line' id='line_1_37' title="bbox 83 3401 1084 3482; baseline -0.004 -14"><span class='ocrx_word' id='word_1_274' title='bbox 83 3425 149 3472; x_wconf 87' lang='lat' dir='ltr'>sum</span> <span class='ocrx_word' id='word_1_275' title='bbox 170 3406 307 3472; x_wconf 82' lang='lat' dir='ltr'>videtur.</span> <span class='ocrx_word' id='word_1_276' title='bbox 347 3401 416 3469; x_wconf 89' lang='lat' dir='ltr'>Nec</span> <span class='ocrx_word' id='word_1_277' title='bbox 438 3424 515 3468; x_wconf 88' lang='lat' dir='ltr'>vero</span> <span class='ocrx_word' id='word_1_278' title='bbox 538 3403 738 3468; x_wconf 87' lang='lat' dir='ltr'>desertarum</span> <span class='ocrx_word' id='word_1_279' title='bbox 766 3401 1014 3482; x_wconf 86' lang='lat' dir='ltr'>relictarumque</span> <span class='ocrx_word' id='word_1_280' title='bbox 1037 3421 1084 3464; x_wconf 84' lang='lat' dir='ltr'>re</span> 
     </span>
     <span class='ocr_line' id='line_1_38' title="bbox 84 3485 1085 3580; baseline -0.012 -21"><span class='ocrx_word' id='word_1_281' title='bbox 84 3513 150 3559; x_wconf 86' lang='lat' dir='ltr'>rum</span> <span class='ocrx_word' id='word_1_282' title='bbox 171 3492 389 3580; x_wconf 86' lang='lat' dir='ltr'>patrocinium</span> <span class='ocrx_word' id='word_1_283' title='bbox 412 3491 625 3576; x_wconf 72' lang='lat' dir='ltr'>suscepimus,</span> <span class='ocrx_word' id='word_1_284' title='bbox 651 3511 718 3554; x_wconf 91' lang='lat' dir='ltr'>non</span> <span class='ocrx_word' id='word_1_285' title='bbox 740 3488 826 3552; x_wconf 91' lang='lat' dir='ltr'>enim</span> <span class='ocrx_word' id='word_1_286' title='bbox 847 3485 1016 3551; x_wconf 90' lang='lat' dir='ltr'>hominum</span> <span class='ocrx_word' id='word_1_287' title='bbox 1037 3486 1085 3548; x_wconf 91' lang='lat' dir='ltr'>in·</span> 
     </span>
    </p>
   </div>
   <div class='ocr_carea' id='block_1_3' title="bbox 0 0 1265 3950">
    <p class='ocr_par' dir='ltr' id='par_1_7' title="bbox 0 0 1265 3950">
     <span class='ocr_line' id='line_1_39' title="bbox 0 0 1265 3950; baseline 0 0"><span class='ocrx_word' id='word_1_288' title='bbox 0 0 1265 3950; x_wconf 95' lang='lat' dir='ltr'> </span> 
     </span>
    </p>
   </div>
  </div>
 </body>
</html>
