2476 3936
317 167 384 225 ΜΒ.
403 170 437 224 11.
457 168 533 225 caP.
553 175 666 226 ss-ar.
685 175 701 236 s
719 175 832 226 se-cs.
1013 169 1077 234 327

74 313 269 378 aestumatio
292 313 450 399 pecudum
472 314 507 378 in
529 315 634 378 multa
655 315 728 400 lege
750 312 786 379 Ο.
808 312 885 378 Iulii
903 312 939 378 P.
957 293 1080 398 Papirii

74 401 244 466 consulum
266 402 445 467 constituta
467 406 526 468 est.
1060 490 1067 503 .
1091 459 1132 524 36

141 486 205 554 sed
223 489 349 573 aliquot
372 494 446 558 ante
470 491 572 575 annis,
594 512 668 556 cum
691 511 817 556 summa
840 493 927 555 esset
945 493 1081 591 auctori·
1099 538 1131 586 61

73 581 126 642 tae
155 577 192 642 in
223 582 338 643 senatu
369 578 490 664 populo
520 579 667 666 patiente
695 583 793 664 atque
819 583 967 663 parente,
998 578 1081 642 imta

49 665 159 731 erario
183 668 247 750 est,
273 669 311 730 ut
332 669 367 730 et
388 667 536 732 consules
559 670 600 731 et‘
614 666 739 731 tribuni
760 667 804 752 pl.
828 665 1024 752 magistratu
1047 687 1081 731 se

73 753 272 840 abdicarent,
294 758 391 839 atque
413 758 451 820 ut
473 754 559 821 xviri
582 755 723 820 maxima
740 757 904 839 potestate
923 754 992 820 sine
1009 776 1081 839 pro-

72 837 253 929 vocetiolne
279 846 473 928 crearentur,
496 843 551 928 qui
570 847 603 908 et
622 865 783 908 summum
802 843 972 927 imperium
991 845 1033 924 [p.
1047 858 1081 907 42

71 930 234 996 haberent
248 934 281 995 et
295 931 384 1016 leges
399 931 585 996 scriberent.
612 929 760 1006 Quicum
774 949 798 995 x
811 931 940 995 tabulas
955 952 1082 995 summa

71 1019 186 1104 legum
213 1018 376 1103 aequitate
401 1017 636 1104 prudentiaque
662 1019 943 1103 conscripsissent,
970 1017 1005 1083 in
1028 1040 1081 1084 an-

39 1126 153 1174 anum
179 1111 347 1192 posterum
375 1107 572 1173 decemviros
601 1107 683 1172 alios
707 1107 978 1192 subrogaverunt,
1005 1128 1082 1191 quo·

72 1218 148 1260 rum
182 1216 248 1261 non
281 1195 432 1260 similiter
462 1196 541 1260 fides
573 1217 632 1262 nec
662 1195 790 1260 iustitia
820 1195 960 1260 laudata.
1011 1193 1081 1270 Quo

73 1287 186 1350 tamen
218 1304 236 1348 e
267 1283 406 1370 collegio
434 1284 506 1349 laus
535 1287 585 1348 est
603 1284 671 1349 'illa
698 1284 816 1348 eximis
843 1281 878 1348 O.
904 1282 994 1366 Iulii,
1027 1283 1082 1368 qui

72 1372 240 1438 hominem
263 1369 422 1455 nobilem,
444 1370 480 1437 L.
504 1369 658 1456 Sestium,
681 1372 771 1436 cuius
793 1372 829 1437 in
851 1368 946 1458 cu1bi·
969 1373 1010 1452 [p.
1032 1387 1080 1436 137

74 1461 148 1526 culo
167 1459 328 1525 ecfossum
348 1481 418 1524 esse
436 1481 471 1525 se
489 1463 659 1546 praesente
678 1464 843 1524 mortuum
862 1460 991 1543 diceret,
1009 1481 1082 1525 cum

40 1565 61 1604 1⁵
73 1549 144 1634 ipse
171 1551 368 1634 potestatem
396 1569 556 1613 summam
583 1547 732 1634 haberet,
759 1547 845 1632 quod
868 1547 1082 1613 decemvirum

74 1638 144 1702 sine
171 1637 402 1722 provocatione
426 1640 524 1721 esset,
550 1636 648 1702 vadas
671 1639 782 1700 tamen
803 1635 969 1721 poposcit,
997 1637 1082 1720 quod

74 1747 108 1791 se
131 1725 241 1812 legem
259 1723 352 1790 illam
370 1725 572 1809 praeclaram
591 1723 815 1808 neglecturum
833 1726 977 1810 negaret,
1001 1745 1082 1807 quae

75 1815 113 1879 de
137 1813 244 1898 capite
267 1811 347 1879 ciris
369 1811 510 1880 Romani
531 1811 597 1876 nisi
615 1811 755 1878 comitiis
774 1810 963 1876 centuriatis
982 1811 1083 1877 statui

39 1904 273 2054 samnitibus
300 1993 351 2053 est
374 2010 476 2054 annus
499 1989 636 2054 xviralis
660 1991 863 2072 consecutus,
890 2006 963 2054 cum
985 1988 1083 2053 iidem
1093 1954 1135 2081 {Z

76 2079 187 2144 essent
209 2099 268 2143 nec
291 2077 373 2143 alios
397 2077 574 2163 subrogare
597 2078 785 2142 voluissent.
806 2076 810 2159 Ι
830 2075 868 2141 In
890 2076 952 2142 hoc
971 2078 1011 2157 [p.
1033 2091 1083 2140 138

76 2169 168 2231 statu
198 2165 246 2230 rei
272 2165 435 2250 publicae,
465 2187 560 2249 quem
588 2163 654 2229 dixi
680 2165 747 2230 iam
774 2185 870 2249 saepe
896 2185 962 2230 non
987 2184 1083 2249 posse

76 2277 147 2320 esse
171 2253 368 2338 diuturnum,
391 2252 477 2338 quod
498 2275 565 2318 non
582 2256 668 2317 esset
685 2253 721 2317 in
739 2253 843 2318 omnis
863 2253 991 2317 ordines
1010 2253 1084 2317 civi·

75 2343 156 2408 tatis
181 2340 369 2426 aequabilis,
392 2345 462 2406 erat
484 2361 583 2425 penes
605 2340 767 2425 principes
790 2344 862 2405 tota
883 2340 1084 2424 respublica

39 2447 62 2487 25
75 2429 273 2516 praepositis
300 2429 404 2495 xviris
426 2428 652 2510 nobilissimis,
674 2450 740 2494 non
762 2427 921 2513 oppositis
944 2427 1083 2492 tribunis

75 2520 135 2604 pl,
157 2518 259 2584 nullis
282 2517 356 2583 aliis
381 2515 540 2583 adiunctis
563 2516 821 2602 magistralibus,
842 2537 909 2580 non
931 2537 1084 2600 provoca·

77 2607 166 2674 tione
199 2606 241 2672 ad
272 2606 429 2692 populum
460 2609 574 2671 contra
602 2625 713 2669 necem
740 2607 774 2669 et
799 2604 935 2668 verbera
961 2603 1084 2667 relicta.

75 2695 167 2781 Ergo
195 2693 312 2760 horum
340 2715 379 2759 ex
405 2693 566 2758 iniustitia
593 2692 701 2757 subito
729 2695 842 2757 exorta
869 2695 919 2756 est
942 2691 1083 2756 maxima
1102 2707 1136 2758 63

75 2783 289 2868 perturlbetio
311 2785 346 2846 et
367 2781 470 2846 totius
492 2780 703 2846 commutatio
727 2780 774 2845 rei
791 2779 953 2865 publiose3
977 2781 1017 2860 [p.
1033 2795 1084 2846 183

38 2888 63 2927 ³⁰
77 2871 133 2956 qui
162 2869 286 2935 duabus
313 2868 434 2934 tabulis
456 2870 641 2954 iniquarum
663 2870 775 2956 legum
798 2867 931 2952 additis,
959 2867 1085 2953 quibus,

77 2960 179 3024 etiam
212 2979 293 3042 quae
325 2958 477 3044 diiunctis
508 2957 639 3042 populis
670 2957 773 3023 tribui
803 2956 909 3021 solent
939 2956 1085 3042 conubia,

76 3048 158 3112 haec
180 3047 233 3111 illi
250 3051 287 3111 ut
303 3067 345 3111 ne
364 3046 472 3130 plebei
489 3068 562 3112 cum
580 3045 729 3131 patribus
748 3049 865 3129 essent,
887 3043 1085 3110 inhumanis·

77 3136 162 3201 sima
188 3135 261 3220 lege
290 3138 478 3216 sanxerunt,
506 3154 588 3218 quae
609 3135 725 3218 postea
746 3134 854 3218 plebei
876 3133 958 3197 scito
982 3130 1085 3198 Oenu-

77 3223 142 3290 leio
162 3224 322 3310 abrogata
340 3227 400 3307 est,
417 3222 652 3306 libidinoseque
671 3221 759 3286 omni
772 3221 908 3306 imperio
923 3223 956 3284 et
971 3220 1084 3285 acerbe

39 3327 64 3367 ³⁵
79 3316 112 3377 et
135 3333 232 3376 avere
254 3311 375 3396 populo
398 3309 618 3394 praefuerunt.
653 3307 743 3374 Nota
761 3309 884 3374 scilicet
902 3306 961 3372 illa
981 3329 1033 3373 res
1052 3313 1085 3373 et

78 3400 243 3466 celebrata
261 3398 486 3480 monumenltis
505 3397 654 3483 plurimis
673 3398 866 3478 litterarum,
889 3417 962 3461 cum
982 3397 1021 3476 [p.
1034 3411 1085 3462 184

78 3487 231 3554 Decimus
264 3486 395 3572 quidam
421 3484 596 3572 Verginius
627 3485 787 3572 virginem
818 3484 921 3550 filiam
949 3486 1084 3569 propter
