2458 3934
321 190 389 246 ΜΒ.
408 191 430 244 1.
454 189 530 246 ccP.
552 197 663 246 rs-rr.
686 195 834 258 sas-as.
1014 190 1076 255 157

91 330 236 418 Crassum,
259 334 337 418 quid
359 337 549 400 eventurum
566 338 660 419 esset,
681 334 746 400 nisi
764 335 911 402 cavisset.
950 332 1004 400 Ita
1021 338 1079 400 aut

90 421 138 486 illa
157 422 360 488 obnuntiatio
382 423 465 488 nihil
482 421 587 488 valuit
604 426 670 506 aut,
693 423 730 507 si,
752 427 790 488 ut
803 423 930 509 Appius
948 421 1079 506 iudicat,

89 510 192 594 valuit,
213 510 248 575 id
269 511 384 594 valuit,
405 515 443 578 ut
463 513 631 595 peecatum
653 510 786 577 haereat
807 533 875 577 non
895 511 931 576 in
952 533 1000 595 eo,
1023 510 1080 596 qui

87 597 247 681 monuerit,
268 598 326 664 sed
347 599 382 662 in
404 619 452 683 eo,
475 598 531 682 qui
552 619 619 664 non
641 599 884 684 obtemperarit.

66 703 76 742 ⁵
142 684 246 761 Quid?
269 686 370 752 lituus
392 685 455 752 iste
477 690 593 770 vester,
616 685 702 769 quod
720 687 947 754 clarissumum
964 691 1015 752 est
1032 685 1130 754 in·1t

85 773 672 948 ffilppgrrupptippepnpipeppbipufft
690 771 1079 928 pfflitppssemNgrgprffidpp

159 913 160 918 ,
654 912 663 945 ‚
1071 914 1078 927 ,

86 948 139 1024 Qui
159 949 290 1032 quidem
308 949 439 1015 Romuli
461 949 572 1033 lituus,
594 949 628 1014 id
650 953 701 1016 est
722 950 890 1016 incurvum
912 953 945 1015 et
963 950 1079 1015 leviter

85 1057 244 1104 asummo
267 1037 420 1102 inflexum
442 1037 611 1122 bacillum,
638 1035 725 1122 quod
747 1038 789 1102 ab
812 1037 881 1102 eius
904 1037 991 1120 litui,
1015 1058 1078 1122 quo

55 1142 75 1179 1⁰
84 1125 216 1209 canitur,
243 1125 454 1190 similitudine
479 1147 598 1190 nomen
624 1125 760 1210 invenit,
787 1147 861 1190 cum
887 1125 970 1190 situs
993 1128 1079 1190 essct
1165 1201 1171 1214 1

83 1213 113 1278 in
136 1213 225 1278 curia
247 1210 423 1298 Saliorum,
450 1235 532 1297 quae
560 1218 610 1278 est
631 1213 667 1278 in
688 1211 832 1297 Palatio,
861 1233 962 1298 eaque
985 1211 1080 1279 defla-

84 1301 257 1386 gravisset,
276 1300 426 1367 inuentus
453 1304 504 1366 est
529 1301 665 1387 integer.
710 1300 815 1378 Quid?
842 1301 956 1367 multis
984 1299 1078 1368 annis
1097 1315 1130 1365 31

83 1393 151 1472 post
174 1388 350 1456 Romulum
372 1387 484 1454 Prisco
511 1393 667 1475 regnante
690 1389 866 1474 Tarquinio
894 1390 967 1474 quis
994 1393 1080 1456 vete

83 1498 147 1542 rum
169 1476 365 1563 scriptorum
386 1498 453 1542 non
475 1477 628 1561 loquitur,
650 1499 732 1562 quae
750 1477 794 1541 sit
812 1478 854 1543 ab
873 1477 954 1544 Atto
972 1474 1079 1544 Navio

54 1580 73 1619 1⁵
83 1586 135 1648 per
151 1565 270 1632 lituum
283 1565 452 1650 regionum
465 1563 553 1630 faeta
567 1563 757 1650 discriptio?
784 1563 933 1639 Quicum
946 1568 1080 1651 propter

83 1655 301 1738 paupertatem
331 1672 406 1718 sues
436 1674 517 1737 puer
543 1656 704 1738 pasceret,
734 1674 800 1718 una
826 1674 865 1718 ex
891 1653 932 1718 iis
960 1653 1081 1719 amissa

83 1741 202 1806 vovisse
225 1741 352 1824 dicitur,
374 1740 404 1806 si
421 1743 652 1826 recuperasset,
673 1761 770 1804 uvam
788 1760 823 1804 se
842 1739 901 1805 deo
920 1739 1080 1825 daturum,

84 1850 157 1912 quac
184 1829 327 1894 maxima
353 1830 440 1892 esset
465 1829 501 1892 in
526 1827 634 1912 vinea,
660 1827 771 1912 itaque
799 1848 855 1893 sue
882 1827 1016 1892 inventa
1039 1828 1080 1894 ad

84 1917 243 1985 meridiem
270 1920 420 2001 spectans
442 1915 478 1982 in
499 1916 595 1980 vinea
616 1915 722 1980 media
745 1913 862 1980 dicitur
885 1915 1080 2000 const'tisse,

53 2019 210 2089 ²vcumque
237 2005 273 2068 in
300 2009 454 2090 quattuor
480 2003 584 2089 partis
610 2004 739 2069 vineam
765 2003 930 2069 divisisset
956 2004 1080 2088 trisque

83 2093 177 2176 partis
202 2113 279 2158 aves
302 2091 514 2174 abdixisscnt,
541 2094 657 2176 quarta
679 2095 787 2176 parte,
810 2114 892 2176 quae
915 2096 986 2157 erat
1008 2093 1080 2158 reli-

84 2201 148 2264 qua,
165 2181 202 2244 in
218 2180 369 2266 regiones
388 2179 562 2244 distributa
580 2179 723 2244 mirabili
736 2179 960 2266 magnitudine
973 2202 1079 2263 uvam,

83 2271 115 2331 ut
136 2268 292 2352 scriptum
314 2267 473 2350 videmus,
494 2267 627 2333 invenit.
671 2265 799 2343 Quare
822 2268 986 2334 celebrata
1007 2289 1080 2334 cum

84 2355 173 2420 uicini
195 2377 308 2420 omnes
331 2355 372 2421 ad
395 2377 469 2420 eum
491 2354 530 2420 de
553 2354 649 2420 rebus
673 2355 739 2420 suis
762 2354 928 2438 referrent,
954 2358 1024 2419 erat
1046 2355 1081 2418 in

54 2441 630 2596 ttttttssmttsstttttdt
647 2441 1081 2614 qpuifffipmspffl
1099 2456 1132 2504 ³²

82 2619 244 2686 scientiam
266 2623 455 2706 auguratus,
477 2616 559 2682 dixit
581 2618 612 2682 ei
634 2617 778 2703 cogitare
801 2637 836 2682 se
859 2616 1025 2702 quiddam,
1047 2617 1081 2682 id

81 2711 227 2790 possetne
249 2705 332 2790 fieri,
360 2705 531 2772 consuluit.
575 2705 637 2769 Ille
660 2703 796 2791 augurio
820 2707 893 2769 acto
916 2725 1011 2789 posse
1034 2727 1081 2770 re-

82 2795 214 2880 spondit
260 2790 455 2879 Tarquinius
484 2797 593 2858 autem
620 2791 702 2858 dixit
729 2813 763 2857 se
790 2792 953 2878 cogitasse
975 2796 1081 2859 cotem

52 2883 234 2948 enovacula
251 2901 347 2968 posse
365 2881 515 2968 praecidi.
551 2879 634 2945 Tum
649 2881 765 2944 Attum
782 2879 916 2946 iussisse
935 2881 1081 2967 experiri.

81 2968 128 3036 Ita
148 2974 256 3036 cotem
278 2970 314 3036 in
335 2969 503 3036 comitium
525 2967 662 3034 allatam
679 2967 882 3052 inspectante
901 2971 934 3034 et
952 2991 1029 3056 rege
1048 2973 1082 3035 et

80 3054 1026 3232 diffidati?ddssiffiididssimuafitussti'ssisstdi
1043 3060 1082 3207 t

81 3234 151 3298 uris
171 3233 268 3298 rebus
299 3233 340 3298 ad
369 3254 443 3298 eum
469 3231 611 3297 referret.
657 3231 773 3298 Ootem
800 3235 908 3296 autem
934 3229 1026 3293 illam
1049 3234 1082 3294 et
1100 3243 1134 3290 33

51 3321 269 3388 ³⁵novaculam
300 3320 462 3386 defossam
492 3320 527 3384 in
556 3319 688 3384 comitio
716 3337 877 3404 supraque
903 3315 1082 3400 inpositum

80 3409 184 3493 puteal
209 3408 398 3493 accepimus.
443 3405 609 3492 Negemus
632 3407 755 3485 omnia,
777 3403 1004 3469 comburamus
1028 3425 1082 3468 an-

80 3497 174 3581 nales,
196 3496 274 3562 ficta
296 3497 377 3563 haec
398 3517 468 3560 esse
492 3495 644 3578 dicamus,
666 3492 793 3577 quidvis
817 3490 953 3574 denique
971 3490 1081 3576 potius
