2458 3934
171 187 234 252 1as
534 137 844 240 camarlancus

171 330 274 397 (hedo
303 330 403 396 etiam
427 328 590 394 anhelitus
613 327 771 413 quosdam
792 326 894 393 luisse
916 331 1088 412 terrarum,
1110 327 1174 411 qui-

169 421 231 484 bus
254 418 387 483 inflatae
410 420 536 482 mentes
560 416 670 482 oracla
690 415 870 480 funderent.

118 507 160 573 51
233 507 341 590 Atque
359 505 440 570 haec
459 505 588 590 quidem
606 504 730 569 vatium
748 503 833 568 ratio
852 507 912 586 est,
933 525 993 569 neo
1012 503 1174 567 dissimilis

171 615 248 660 sane
272 593 480 659 somniorum.
518 589 605 658 Nam
623 613 705 677 quae
723 592 937 677 vigilantibus
957 591 1176 657 acciduntve

171 683 269 767 tibus,
292 682 404 746 eadem
425 680 521 746 nobis
544 679 787 745 dormientibus.
823 677 924 765 Viget
947 679 1034 744 enim
1053 680 1175 744 animus
1197 693 1207 733 ⁵

171 770 207 836 in
234 770 356 835 somnis
386 768 470 833 liber
498 768 540 833 ab
563 767 710 833 sensibus
734 767 885 851 omnique
907 767 1109 852 inpeditione
1130 789 1177 832 ou·

171 880 282 923 rarum
313 857 438 924 iacente
469 859 504 922 et
535 860 664 921 mortuo
695 875 798 941 paene
825 876 969 941 corpore.
1015 853 1080 930 Qui
1107 855 1177 940 quia

172 947 255 1013 vixit
282 948 323 1011 ab
352 945 440 1012 omni
467 944 660 1010 aeternitate
687 946 899 1028 versatusque
922 947 973 1008 est
994 965 1070 1008 cum
1093 943 1177 1008 innu-

172 1034 384 1101 merabilibus
404 1032 529 1116 animis,
548 1032 665 1116 omnia,
684 1052 765 1116 quae
783 1030 819 1096 in
836 1035 955 1097 natura
973 1053 1086 1098 rerum
1100 1035 1177 1113 sunt,

173 1123 271 1206 videt,
294 1123 323 1188 si
345 1121 441 1186 modo
464 1120 654 1206 temperatis
678 1119 759 1184 escis
777 1117 976 1204 modicisque
993 1120 1177 1204 potionibus
1188 1131 1207 1172 1⁰

173 1211 223 1276 ita
244 1214 295 1274 eat
318 1209 473 1293 adfectus,
495 1212 533 1273 ut
555 1208 663 1293 sopito
685 1227 821 1292 corpore
842 1207 913 1292 ipse
935 1207 1063 1292 vigilat.
1095 1206 1177 1272 Haeo

121 1311 174 1361 116
187 1297 381 1362 somniantis
405 1299 455 1361 est
478 1295 644 1361 divinatio.
679 1294 742 1360 Hic
764 1315 886 1382 magna
904 1295 1066 1380 quaedam
1086 1295 1178 1360 exori-

173 1390 237 1469 tur,
250 1405 354 1469 neque
369 1406 407 1449 ea
419 1384 589 1468 naturalis,
602 1383 660 1450 sed
674 1383 849 1448 artificiosa
863 1383 1067 1448 somniorum
1081 1382 1178 1464 [Anti-

177 1473 320 1561 phontis]
339 1472 566 1558 interpretatio
581 1471 757 1555 eodemque
771 1471 867 1537 modo
882 1475 915 1536 et
930 1471 1137 1536 oraculorum
1149 1473 1177 1534 et
1213 1495 1214 1542 3

178 1561 443 1627 vaticinationum
472 1561 561 1640 [sunt
586 1560 672 1624 enim
694 1560 936 1644 explanatores,
963 1563 1001 1624 ut
1023 1549 1214 1644 gramma-1⁵¹

174 1649 231 1716 tici
254 1651 448 1735 poetarum}
483 1646 570 1712 Nam
590 1652 628 1712 ut
647 1669 761 1712 aurum
779 1651 813 1712 et
830 1651 1012 1733 argentum,
1035 1669 1103 1732 aes,
1124 1647 1176 1711 fer·

174 1757 247 1803 ram
272 1737 396 1802 frustra
422 1739 541 1800 natura
569 1735 679 1800 divina
701 1735 880 1820 genuisset,
906 1735 971 1800 nisi
994 1735 1109 1801 eadem
1130 1735 1177 1798 do

175 1827 305 1910 auisset,
324 1842 419 1910 quem
438 1824 480 1890 ad
497 1824 628 1888 modum
647 1822 688 1887 ad
706 1844 818 1888 eorum
835 1843 934 1889 venas
951 1824 1176 1908 perveniretur,

175 1933 234 1978 noc
255 1912 366 1997 fruger
389 1916 496 1978 terrae
518 1913 656 1976 bacasve
679 1911 832 1976 arborum
855 1932 928 1977 eum
950 1911 1099 1976 utilitate
1116 1911 1177 1975 ulla

176 2001 289 2087 generi
314 2000 457 2066 humano
485 1999 639 2082 dedisset,
666 1999 730 2062 nisi
755 1997 1205 2065 earu1neultusetoondi·¹l

174 2089 280 2152 tiones
315 2088 516 2172 tradidisset,
549 2086 724 2152 materiave
751 2087 922 2171 quicquam
948 2087 1093 2173 iuvaret,
1121 2083 1176 2151 nisi

177 2175 392 2241 consectionis
419 2176 486 2240 eins
509 2175 668 2240 fabricam
695 2174 901 2258 haberemus,
930 2175 976 2240 sic
999 2171 1176 2240 cumomni

175 2262 329 2347 utilitate,
352 2283 451 2347 quam
469 2262 502 2328 di
519 2262 704 2328 hominibus
723 2262 887 2347 dederunt,
910 2285 964 2328 ars
983 2263 1097 2347 aliqua
1114 2283 1177 2328 con-

175 2351 286 2416 iunota
309 2353 369 2434 est,
390 2371 449 2436 per
472 2370 569 2435 quam
586 2351 646 2415 illa
663 2350 791 2415 utilitas
808 2350 932 2436 percipi
948 2351 1066 2436 possit.
1101 2351 1175 2416 Item

175 2440 278 2525 igitur
306 2439 454 2523 somniis,
485 2438 786 2523 vaticinationibus,
817 2438 949 2522 oraclis,
977 2439 1065 2523 quod
1093 2437 1213 2504 ersus

175 2528 280 2594 multa
303 2527 456 2610 obscura,
479 2527 585 2592 multa
606 2526 769 2612 ambigua,
792 2526 1037 2611 explanationes
1061 2523 1176 2604 adhibi·
1212 2561 1213 2572 κ

174 2619 229 2681 tae
252 2619 328 2680 sunt
349 2615 573 2700 interpretum.

126 2713 176 2764 11⁷
244 2702 313 2779 Quo
336 2703 433 2769 modo
456 2706 565 2767 autem
588 2705 645 2767 aut
667 2705 758 2767 vates
781 2705 838 2766 aut
861 2701 1060 2766 somniantes
1083 2723 1121 2767 ea
1136 2698 1175 2764 vi·

176 2789 282 2875 deant,
306 2811 388 2875 quae
407 2811 569 2876 nusquam
587 2790 686 2854 etiam
703 2793 781 2855 tuno
799 2789 874 2874 sint,
897 2810 1017 2874 magna
1035 2787 1173 2875 quaestio

177 2881 235 2942 est.
280 2875 344 2942 Sed
373 2879 542 2963 explorata
572 2878 600 2942 si
623 2877 689 2941 sint
712 2898 764 2961 ea,
794 2898 876 2961 quae
898 2880 975 2942 ante
998 2878 1110 2961 quaeri
1130 2875 1204 2939 des

176 2965 286 3049 beant,
308 2964 374 3029 sint
395 2965 484 3050 hace,
508 2987 589 3051 quae
612 2964 805 3049 quaerimus,
827 2964 983 3030 faciliora.
1029 2963 1174 3032 Continet

178 3053 264 3118 enim
290 3056 396 3117 totam
423 3051 506 3119 hano
534 3053 756 3138 quaestionem
779 3073 818 3117 ea
840 3052 938 3138 ratio,
966 3075 1049 3138 quae
1072 3055 1120 3118 est
1140 3049 1174 3112 de

175 3145 294 3208 natura
317 3139 460 3225 deorum,
482 3162 564 3225 quae
587 3163 607 3206 a
628 3145 662 3205 te
686 3139 824 3206 secundo
847 3137 932 3206 libro
954 3144 1005 3205 est
1022 3139 1174 3226 explicata

176 3229 323 3295 dilucide.
361 3226 466 3304 Quam
489 3226 517 3292 si
540 3228 733 3311 obtinemus,
756 3227 859 3292 stabit
880 3227 971 3312 illud,
995 3230 1082 3313 quod
1097 3228 1173 3290 hune

176 3318 283 3382 locum
306 3317 464 3399 continet,
492 3316 618 3398 dequo
641 3316 782 3401 agimus,
810 3337 880 3380 esse
902 3316 993 3400 deos,
1016 3321 1051 3381 et
1073 3319 1203 3380 eorum³⁵

177 3404 382 3486 providentia
408 3404 563 3468 mundum
591 3401 824 3486 administrari,
855 3403 1047 3488 eosdemque
1073 3419 1172 3469 consa

177 3489 245 3554 lare
262 3492 359 3555 rebus
377 3490 539 3574 humanis,
559 3509 620 3553 nec
638 3489 745 3554 solum
762 3490 931 3576 universis,
953 3489 1173 3557 verumetiam
