2490 3950
150 189 193 250 22
456 180 505 234 DE
524 177 674 233 NATURA
693 176 848 232 DEORUM
917 231 920 234 .

97 344 132 394 ιι
152 329 273 395 exitum
300 329 366 393 non
392 326 544 410 potestis,
572 323 728 410 coniugit'
719 345 748 387 ιι
704 324 812 388 t'ad
835 323 943 406 deum,
971 324 1061 388 cuius
1085 345 1161 409 ope

151 441 222 483 ram
244 415 390 501 profecto
413 435 480 478 non
502 413 736 496 desideraretis,
759 412 788 475 si
810 412 990 476 inmensam
1009 416 1042 476 et
1060 412 1161 477 inter-

152 503 341 571 minatam
331 524 367 567 m
389 502 494 566 omnis
516 501 620 586 partis
644 504 770 586 magmt
746 500 901 564 'tudinem
925 500 1096 587 regionum
1114 501 1161 565 ιι-

151 593 284 677 deretis,
311 591 347 655 in
374 613 471 676 quam
499 611 533 654 se
556 589 690 655 iniciens
713 589 840 653 animus
863 592 896 653 et
918 589 1089 653 intendens
1113 589 1162 654 ita

152 684 220 746 late
252 644 412 766 longeque
440 679 630 780 peregrinat
630 700 682 761 ur,
714 681 751 741 ut
773 677 898 742 nullam
925 680 1037 742 tamen
1068 698 1191 742 orama

152 770 213 835 ult
204 769 262 835 1mi
287 769 408 850 videat,
437 767 472 830 in
496 789 560 851 qua
581 766 687 850 possit
708 764 867 830 insistere.
911 763 951 829 In
973 764 1035 830 hac
1056 766 1164 852 igitur

152 857 360 923 inmensitate
397 818 620 938 latitudinum,
656 853 912 939 longitudinum,
950 853 1164 920 altitudinum

152 945 281 1010 infinita
311 945 361 1010 ιιι
389 943 675 1008 innumerabilium
700 941 820 1007 volitat
786 945 1046 1025 antoniorum,
1080 965 1164 1028 quae

153 1034 322 1100 interiecto
349 1032 439 1097 inani
467 1030 696 1097 cohaerescunt
722 1034 833 1095 tamen
854 1031 939 1095 inter
963 1052 997 1096 se
1021 1035 1055 1096 et
1078 1033 1164 1097 aliae

154 1123 236 1187 alias
260 1119 535 1206 adprehendentes
559 1120 802 1204 continuantur,
825 1141 864 1183 er
887 1139 950 1203 quo
975 1119 1164 1185 efficiuntur
1180 1139 1205 1178 ιι

155 1233 211 1276 eae
241 1231 349 1274 rerum
376 1207 500 1273 formae
527 1211 560 1272 et
586 1207 724 1292 figurae,
757 1229 838 1291 quas
865 1228 924 1273 ιοι
953 1207 1037 1273 effici
1064 1231 1164 1310 posse

155 1299 224 1363 sine
250 1297 385 1362 follibus
413 1299 446 1360 et
473 1295 642 1361 incudibus
666 1317 732 1360 non
754 1296 888 1379 putatis.
932 1295 1081 1381 Itaque'
1071 1320 1165 1383 mpo

155 1385 308 1452 suistis
297 1407 333 1449 ιιι
365 1383 541 1449 cervicibus
572 1387 648 1448 nost
649 1383 695 1448 ris
725 1384 957 1485 sempiternum
984 1385 1165 1470 dominum,

156 1497 251 1574 quem
270 1473 337 1538 dies
355 1476 389 1536 et
406 1476 518 1538 noctes
537 1471 734 1538 timeremus.
771 1469 850 1547 Quis
865 1473 951 1536 enim
964 1495 1031 1538 non
1044 1438 1165 1539 timeat

155 1563 264 1629 omnia
285 1560 509 1662 providentem
530 1564 563 1625 ιι
581 1561 780 1646 cogitantem
798 1564 831 1624 et
850 1560 1164 1627 animadvertentem
1181 1581 1205 1620 ιι

155 1656 188 1716 ιι
215 1651 324 1716 omnia
352 1650 392 1752 ad
420 1650 637 1734 sepertinere
659 1651 830 1733 putantem
853 1649 1016 1714 curiosum
1039 1654 1072 1715 et
1095 1652 1163 1736 ple

103 1758 135 1806 55
155 1763 233 1804 num
258 1738 383 1824 negoti1
359 1738 529 1803 rideum‘l
574 1737 659 1802 Hinc
686 1736 778 1802 vobis
806 1737 915 1801 extitit
935 1737 1081 1838 primum
1104 1739 1164 1804 illa

154 1828 266 1893 fatalis
288 1826 479 1910 necessitas,
507 1847 604 1910 quam
628 1823 831 1910 εἱμαρμένην
854 1825 941 1890 dicit
917 1828 974 1909 trs,
1001 1830 1052 1910 ut,
1076 1828 1163 1912 quie·
1236 1883 1237 1890 ,

155 1915 233 2000 quid
255 1915 387 1997 accidat,
410 1914 444 1977 id
467 1935 566 1978 exae
567 1917 661 1978 etrna
678 1913 817 1978 veritate
835 1935 1070 1998 causarumque
1089 1937 1164 1982 con·
1236 1921 1237 1931 ’

154 2003 335 2070 tinuatione
357 1964 487 2066 ιιιιιιιιιι
511 2001 634 2066 dicatis.
680 2000 801 2077 Quanti
823 2005 879 2067 aut
881 2024 932 2066 em
954 2001 1035 2067 haec
1057 2003 1163 2088 philo·
1180 2023 1206 2062 ιι

155 2114 214 2176 sop
215 2092 271 2155 hia
299 2089 501 2156 aestimanda
528 2094 591 2174 est,
619 2089 671 2155 cui
697 2094 866 2174 tamquam
889 2089 1039 2174 aniculis,
1067 2093 1145 2156 et''
1122 2115 1164 2157 ιιι

156 2180 290 2286 quidem
307 2178 455 2262 indoctis,
476 2177 547 2242 fato
565 2142 636 2242 lieri
653 2178 825 2243 videantur
842 2179 972 2244 omnia?
1009 2177 1165 2264 Sequitur

156 2262 296 2352 μαντικὴ
323 2270 446 2350 vestra,
477 2288 560 2350 quae
581 2265 697 2331 Latine
720 2266 911 2331 divinatio
934 2267 1066 2352 dicitur,
1099 2291 1165 2353 qua

155 2359 249 2420 tanta
214 2354 481 2419 tinbueremur
509 2355 753 2440 superstitione,
786 2355 814 2418 si
841 2375 899 2419 vos
928 2355 1037 2419 audire
1065 2358 1165 2422 velle

156 2467 237 2527 mue,
259 2448 296 2508 ut
310 2443 508 2527 haruspices,
531 2464 679 2529 augures,
696 2443 825 2526 harioli,
843 2446 944 2527 vates,
963 2443 1164 2511 coniectores
1179 2463 1204 2503 ιι

102 2542 137 2592 ιι
155 2533 250 2599 nobis
277 2534 386 2598 essent
413 2531 547 2596 colendi.
592 2531 654 2595 Ηιι
676 2531 857 2596 terroribus
880 2532 922 2595 ab
945 2530 1088 2616 Epicuro
1113 2556 1165 2600 so-

156 2621 215 2687 lu
206 2645 218 2685 1
241 2620 328 2686 etin
345 2620 533 2685 libertatem
551 2619 703 2684 vindicet
678 2622 706 2683 ιι
722 2641 781 2684 nec
799 2619 973 2684 metuimus
993 2642 1057 2704 eos,
1081 2643 1166 2706 quos

155 2709 376 2796 intellegimus
411 2729 469 2772 nec
505 2707 569 2771 sibi
599 2707 721 2792 fingere
753 2708 855 2772 ullam
887 2708 1072 2773 molestiam
1105 2733 1166 2777 nec
1235 2733 1236 2745 ¹

156 2798 204 2862 alt
190 2797 252 2860 teri
289 2817 455 2880 quaerere,
491 2798 524 2860 et
553 2795 606 2880 pie
638 2799 812 2879 sancteque
844 2796 979 2861 colimus
1010 2801 1167 2864 naturam

156 2885 365 2950 excellentem
403 2887 500 2967 atque
535 2886 764 2968 praestantem.
819 2882 881 2949 Sed
914 2885 1020 2949 elatus
1054 2888 1204 2952 studioso

156 2994 269 3038 ιιιιοι
294 2993 335 3035 ne
362 2971 491 3056 longior
517 2971 643 3036 fuerim.
687 2971 770 3037 Erat
797 2975 853 3036 aut
855 2994 906 3037 em
933 2973 1066 3038 difficile
1094 2997 1167 3040 rem

156 3064 284 3126 tantam
324 3062 457 3143 tamque
475 3061 699 3211 tpraeclaram
738 3059 925 3125 inchoatam
965 3061 1168 3147 relinquere,

158 3170 355 3235 quamquam
381 3169 448 3212 non
475 3151 543 3212 tam
571 3148 695 3214 dicendi
718 3152 769 3213 ret
755 3149 802 3213 tio
826 3148 907 3212 mihi
929 3148 1079 3213 habenda
1100 3151 1167 3217 fuit

104 3297 146 3421 {71
159 3236 454 3389 quamlbidrdiilbtta
419 3325 632 3408 tcomiter,
664 3328 702 3388 ut
729 3326 869 3390 solebat.
901 3325 1017 3409 Atqui,
1048 3326 1167 3412 inquit,
1182 3347 1206 3388 ιι

158 3413 273 3497 Vellei,
299 3413 362 3477 nisi
385 3416 422 3476 tu
445 3411 567 3495 aliquid
590 3412 735 3496 dixisses,
756 3412 839 3477 nihil
864 3435 940 3478 sane
963 3435 1003 3478 ex
1025 3436 1077 3478 me
1096 3417 1167 3500 qui-

158 3502 231 3565 dem
259 3501 368 3565 audire
395 3500 565 3582 potuisses.
610 3499 693 3563 Mihi
720 3501 805 3564 enim
831 3523 898 3566 non
920 3505 989 3566 tam
1011 3500 1140 3566 facile'
1131 3527 1167 3569 ιιι
1234 3553 1235 3560 ι
