2452 3938
274 153 340 210 LIB.
359 154 394 210 H.
414 153 489 212 CAP.
509 159 623 210 58-60.
642 159 657 220 ἕ
678 159 826 210 119-125.
987 153 1052 218 241

54 299 135 384 quod
156 298 265 363 insani
287 319 346 364 sus
367 298 440 364 visa
462 297 636 364 coniectori
657 319 724 362 non
745 299 890 381 narrant,
912 300 1057 381 narrant,

55 386 105 472 qui
130 386 396 452 somniaverunt?
437 383 562 462 Quaero
591 385 704 470 etiam,
734 384 762 450 si
788 384 887 451 velim
916 385 1056 450 seribere

55 473 125 560 quid
154 477 212 540 aut
237 474 346 560 legere
374 476 430 538 aut
457 495 571 540 canere
597 473 650 538 vel
677 494 755 538 voce
783 473 836 540 vel
858 472 976 538 fidibus
999 477 1056 538 aut

56 561 282 648 geometricum
310 561 462 646 quiddam
488 565 546 627 aut
571 561 742 647 physicum
768 565 825 626 aut
853 561 1057 627 dialecticum

34 650 225 736 ⁵explicare,
253 647 455 716 somniumne
482 649 732 734 exspectandum
761 649 804 713 sit
827 670 870 714 an
892 671 946 714 ers
969 649 1058 716 adhi-

56 737 169 822 benda,
196 737 265 803 sine
293 759 357 824 qua
382 736 466 802 nihil
489 759 599 802 earum
622 759 730 802 rerum
752 759 811 804 nec
833 733 904 802 fieri
924 759 985 802 nec
1006 759 1058 802 ex-

55 824 153 912 pediri
182 828 302 912 potest.
345 825 461 910 Atqui,
488 847 528 890 ne
556 825 584 890 si
610 825 766 910 navigare
794 825 922 909 quidem
950 825 1057 907 velim,

55 913 97 978 ita
119 914 313 1001 gubernem,
340 916 377 979 ut
400 911 642 996 somniaverim,
668 933 821 998 praesens
845 913 931 978 enim
953 933 1058 998 poena

56 1002 102 1068 sit.
140 1000 205 1077 Qui
227 1001 328 1087 igitur
351 1001 500 1068 convenit
523 1022 639 1086 aegros
663 1021 683 1066 a
705 1000 887 1066 coniectore
910 1001 1110 1066 somnio-123

26 1106 123 1154 nrum
151 1088 263 1174 potius
294 1111 388 1174 quam
421 1111 441 1154 a
466 1088 589 1155 medico
616 1091 727 1173 petere
754 1087 968 1156 medicinam?
1004 1088 1059 1154 An

56 1177 276 1262 Aesculapius,
298 1198 340 1242 an
358 1173 487 1262 Serapis
509 1180 619 1261 potest
641 1176 736 1242 nobis
759 1177 978 1262 praescribere
1000 1199 1059 1261 per

56 1288 202 1331 somnum
225 1265 423 1331 curationem
445 1264 655 1349 valetudinis,
682 1263 854 1351 Neptunus
878 1265 1059 1351 gubernan-

54 1354 138 1420 tibus
161 1375 229 1419 non
250 1353 380 1436 potest?
408 1356 441 1417 et
463 1351 492 1418 si
515 1351 584 1418 sine
606 1351 729 1419 medico
753 1352 946 1420 medicinam
968 1353 1059 1418 dabit

54 1441 212 1526 Minerva,
238 1437 350 1506 Musae
374 1441 548 1525 scribendi,
570 1441 712 1527 legendi,
736 1444 915 1506 ceterarum
939 1441 1059 1506 artium

25 1529 222 1594 essentiam
254 1528 490 1594 somniantibus
521 1551 588 1596 non
619 1529 764 1594 debunt?
804 1527 852 1594 At
879 1529 908 1594 si
935 1529 1058 1594 curatio

55 1617 183 1682 daretur
206 1615 410 1702 valetudinis,
432 1617 511 1682 haee
534 1637 670 1701 quoque,
694 1638 775 1701 quae
794 1615 869 1699 dixi,
891 1615 1060 1700 darentur,

55 1727 133 1790 quae
163 1703 316 1788 quoniam
342 1726 409 1770 non
431 1703 562 1788 dantur,
589 1703 747 1768 medicina
769 1724 836 1770 non
859 1703 967 1787 datur,
995 1726 1059 1788 qua

55 1793 183 1858 sublata
205 1791 334 1858 tollitur
357 1791 462 1858 omnis
486 1791 664 1857 auotoritas
687 1791 896 1857 somniorum.

117 1877 181 1945 Sed
208 1880 288 1946 haec
312 1881 465 1964 [quoque]
489 1879 524 1943 in
552 1881 707 1964 promptu
732 1877 867 1964 fuerint3
895 1900 981 1944 nuno
1001 1878 1049 1943 in-
1060 1846 1113 1972 1622

23 1969 174 2034 nteriora
196 1966 371 2034 videamus.
406 1965 475 2032 Aut
498 1966 583 2032 enim
606 1965 714 2032 divina
737 1964 786 2033 vis
810 1965 968 2050 quaedam
987 1987 1059 2034 eon·

54 2057 162 2122 solens
185 2055 280 2120 nobis
305 2055 504 2121 somniorum
527 2054 780 2140 significationes
798 2052 887 2138 facit,
911 2058 968 2119 aut
986 2076 1059 2121 oon-

54 2145 189 2211 ieetores
217 2165 257 2209 ex
285 2143 424 2228 quadam
452 2142 676 2209 convenientia
704 2147 736 2208 et
759 2142 982 2209 coniunctione
995 2165 1060 2208 na·

54 2237 161 2317 turae,
198 2254 295 2317 quam
331 2235 450 2298 vocant
486 2225 713 2314 συμπάθειαν,
750 2229 829 2315 quid
864 2230 977 2316 cuique
1013 2230 1061 2296 rei

54 2319 225 2387 conveniet
244 2321 295 2400 [ex
310 2319 469 2404 somniis],
487 2321 520 2383 et
539 2317 616 2403 quid
634 2340 795 2403 quamque
812 2339 880 2382 rem
898 2322 1061 2403 sequetur,

23 2409 258 2494 sintellegunt,
282 2411 338 2474 aut
361 2428 472 2474 eorum
493 2409 645 2472 neutrum
668 2410 728 2490 est,
750 2405 807 2472 sed
829 2405 987 2490 quaedam
1006 2406 1061 2471 ob·

55 2497 196 2564 servatio
219 2499 372 2562 constans
395 2499 492 2579 atque
516 2493 667 2559 diuturna
688 2496 747 2578 est,
769 2515 842 2558 eum
861 2493 938 2576 quid
956 2493 1061 2558 visum

54 2585 229 2650 seeundum
252 2584 394 2668 quietem
417 2584 470 2668 sit,
493 2581 571 2668 quid
593 2581 720 2647 evenire
742 2583 776 2646 et
798 2579 875 2665 quid
898 2581 990 2666 sequi
1012 2603 1061 2646 so-

54 2673 127 2738 leat.
171 2671 319 2737 Primum
348 2669 450 2757 igitur
479 2667 733 2755 intellegendum
763 2671 813 2735 est
842 2669 967 2734 nullam
995 2668 1062 2734 vim

55 2782 122 2825 esse
147 2757 291 2825 divinam
310 2758 501 2824 effectricem
521 2757 729 2823 somniorum.
766 2755 875 2841 Atque
893 2757 976 2822 illud
995 2757 1062 2842 qui·

22 2848 126 2914 edem
149 2847 355 2935 perspicuum
378 2851 441 2932 est,
467 2846 559 2912 nulla
585 2845 656 2910 visa
679 2844 879 2911 somniorum
901 2845 1062 2931 proficisci

55 2959 74 3000 a
98 2935 232 3002 numine
261 2935 407 3020 deorum;
435 2937 549 3000 nostra
572 2933 657 2998 enim
680 2955 778 2999 causa
800 2932 833 2999 di
855 2933 888 2998 id
909 2932 1062 3018 facerent,

54 3028 89 3090 ut
106 3023 279 3112 providere
296 3021 407 3089 futura
424 3043 602 3108 possemus
635 3019 760 3096 Quotus
778 3021 880 3108 igitur
900 3026 950 3088 est
969 3022 1115 3107 quis-125

55 3134 130 3197 que,
158 3110 215 3198 qui
237 3111 372 3176 somniis
395 3114 524 3196 pareat,
546 3109 603 3195 qui
624 3108 809 3196 intelleget,
833 3110 889 3195 qui
911 3110 1062 3175 memine

54 3199 119 3264 rit‘?
143 3222 242 3285 quam
264 3199 361 3264 multi
382 3221 468 3283 vero,
491 3197 547 3283 qui
569 3200 778 3264 contemnant
801 3219 936 3282 eamque
955 3218 1063 3281 super·

22 3299 43 3342 ³⁵
56 3286 224 3354 stitionem
245 3285 390 3354 inbecilli
409 3286 509 3352 animi
528 3290 625 3370 atque
644 3285 740 3351 anilis
758 3286 887 3372 putent!
911 3283 994 3360 Quid
1013 3287 1063 3348 est

54 3375 165 3461 igitur,
190 3397 246 3441 cur
268 3375 320 3440 his
344 3373 529 3440 hominibus
553 3375 724 3440 consulens
748 3373 824 3438 deus
844 3372 978 3455 somniis
996 3393 1063 3438 mo-

54 3467 131 3529 nost
161 3485 231 3550 eos,
261 3463 317 3548 qui
343 3462 402 3528 illa
428 3483 494 3529 non
521 3461 617 3528 modo
645 3484 735 3547 cura,
766 3461 822 3527 sed
844 3482 885 3525 ne
907 3460 1060 3526 memoria

107 3583 162 3626 010.
175 3584 217 3629 1v.
235 3585 255 3626 8.
816 3569 849 3620 16
