2506 3942
593 198 643 252 DE
661 197 817 254 LEGIBUS

445 487 494 558 n.
523 485 685 558 uuum
712 485 960 559 clcnssours

383 661 501 757 DE
578 660 1022 760 LEGIBUS

493 857 631 916 LIBER
658 855 911 918 SECUNDUS.

554 1138 851 1199 ARGUMENTUlL

270 1274 339 1328 Cum
355 1273 399 1326 ius
418 1288 500 1327 omne
516 1271 563 1325 vel
576 1270 706 1327 divinum
718 1271 757 1324 sit
769 1271 817 1325 vel
829 1271 992 1339 humanum,
1010 1271 1103 1328 divini
1116 1277 1201 1328 eutem

197 1343 289 1414 prima
305 1342 464 1398 necessario
483 1342 586 1396 debeat
603 1358 665 1396 esse
684 1358 760 1409 cura,
777 1341 814 1396 ab
826 1341 882 1396 hoc
894 1342 998 1396 meritc
1012 1343 1128 1399 initium
1141 1345 1201 1399 fecit

199 1415 297 1468 Cicero
321 1415 467 1481 totamque
491 1411 699 1480 religionem
722 1413 778 1466 hoc
802 1411 876 1466 libro
899 1413 1058 1470 constituii.
1095 1415 1201 1486 Repetit
1236 1443 1237 1446 ¹

198 1486 293 1539 eutem
311 1483 532 1554 disputationem
549 1482 585 1537 eb
604 1485 719 1538 aeterno
735 1482 787 1536 illu
805 1484 835 1536 el
852 1500 962 1537 summe
978 1483 1007 1538 le
1050 1525 1058 1552 ‚
1077 1489 1203 1554 quaeest

196 1555 272 1610 ratio
286 1555 382 1609 divina
395 1556 426 1609 et
437 1554 567 1620 humanu,
581 1555 649 1623 epta
662 1553 699 1607 ed
712 1554 866 1608 verendum
879 1556 909 1608 ei
921 1553 1007 1609 iuben
1027 1573 1077 1609 um
1091 1560 1161 1627 (cop.
1171 1559 1202 1626 4).

197 1625 308 1680 Deinde
335 1625 428 1695 ipsam
452 1625 588 1696 proponit
609 1623 703 1692 legem
728 1640 743 1678 e
766 1623 878 1693 legibus
899 1623 1010 1680 Numae
1033 1627 1064 1680 et
1085 1627 1203 1682 moribus

147 1716 150 1720 ·
197 1696 332 1751 Romanis
350 1697 463 1751 ductam
482 1699 553 1764 (cap.
573 1700 604 1761 8,
623 1700 650 1764 9)
667 1693 822 1764 praemisso
840 1695 985 1764 prooemio
1004 1695 1040 1750 de
1059 1697 1134 1767 legis
1151 1699 1203 1752 lau-

198 1767 282 1822 dibus
299 1767 390 1835 iisque
408 1765 531 1836 propriis
549 1765 660 1836 generis
679 1765 723 1818 sui
741 1768 812 1834 (cap.
828 1770 863 1834 ⁷).
896 1765 1018 1834 Reliqua
1035 1769 1133 1822 autem
1145 1785 1203 1838 pers

196 1837 265 1893 libri
286 1838 414 1892 versatur
436 1836 466 1890 in
488 1835 544 1890 ista
566 1835 630 1906 lege
653 1834 820 1904 explicando
843 1836 873 1889 el
889 1836 971 1904 quasi
988 1838 1148 1906 suadenda,
1168 1841 1203 1904 ul,

198 1909 299 1978 quibus
318 1909 353 1962 de
372 1907 463 1962 causis
482 1922 608 1976 quaeque
626 1905 698 1986 legis
716 1922 781 1976 pars
795 1905 938 1975 probetur,
956 1907 1150 1978 intellegetur.
1176 1911 1204 1963 ln

198 1995 254 2049 quo
276 1995 334 2033 non
352 1978 443 2033 solum
460 1977 608 2031 Platonem
626 1977 753 2044 ahosque
771 1975 894 2030 Graecos
911 1977 1100 2048 philosophos
1118 1979 1203 2034 imin-

197 2051 252 2116 lur,
271 2049 320 2117 qui
338 2048 373 2102 de
390 2048 501 2118 legibus
520 2045 692 2116 scripserunt
709 2050 746 2114 (v.
760 2045 811 2100 lib.
825 2047 866 2100 ΙΠ
880 2063 941 2117 cap.
956 2055 981 2116 5,
1001 2052 1038 2117 6),
1059 2050 1203 2104 sedetiam

198 2118 430 2174 consuetudinem
443 2117 657 2186 magistratuum
671 2116 870 2184 Romanorum,
888 2118 939 2187 qui
951 2117 982 2172 in
994 2118 1109 2188 legibus
1122 2121 1202 2176 feren-
1236 2165 1237 2168 ,

198 2188 243 2242 dis
260 2187 448 2259 rogandisque
461 2189 582 2258 primum
596 2189 631 2242 de
645 2187 815 2242 universale
896 2189 980 2244 laude
994 2191 1026 2243 ei
1038 2191 1201 2246 necessitate

197 2259 305 2328 dicere,
333 2259 434 2314 deinde
461 2275 480 2312 a
506 2275 644 2329 praecone
669 2257 762 2312 scriba
785 2205 942 2316 ruffine
965 2259 1083 2314 recitari
1108 2262 1202 2332 legen,

196 2333 270 2398 tum,
297 2329 347 2384 ubi
373 2329 513 2396 docendo,
542 2328 708 2400 explicando
733 2328 944 2398 rationibusque
966 2329 1129 2386 auferendis
1147 2349 1202 2386 eam

198 2403 352 2467 suaserant,
370 2401 507 2471 populum
526 2401 669 2455 discedere
688 2401 718 2454 et
736 2399 810 2453 dalis
828 2399 943 2454 tabellis
960 2400 991 2454 in
1005 2418 1057 2456 sua
1070 2419 1201 2471 quemque
1236 2447 1237 2468 ,

196 2471 273 2528 tribu
292 2471 454 2541 suffragium
467 2471 539 2526 ferre
553 2470 649 2526 iubere
664 2472 867 2525 consueverant
880 2469 941 2541 (lib.
956 2471 996 2525 ΙΠ
1011 2487 1064 2543 ccp
1087 2479 1107 2528 4
1120 2475 1200 2541 exin).

158 2693 177 2817 ξ
263 2721 403 2788 Arrrcus.
430 2717 494 2784 Sed
515 2720 616 2804 visne,
640 2720 794 2803 quoniam
817 2722 850 2784 el
873 2720 954 2784 salis
976 2720 1043 2784 iam
1064 2722 1200 2786 ambule-
1236 2693 1237 2758 l

197 2813 268 2873 lum
295 2812 346 2873 esl
373 2813 406 2872 el
433 2808 496 2872 libi
521 2807 610 2872 aliud
632 2807 757 2873 dicendi
779 2807 911 2872 initium
934 2808 1128 2874 sumendum
1150 2813 1201 2890 est,

196 2896 304 2960 locum
335 2899 497 2960 mutemus
531 2900 564 2960 el
595 2897 630 2960 in
660 2896 781 2980 insule,
813 2917 896 2978 quae
928 2900 978 2960 est
1004 2897 1040 2960 in
1067 2896 1200 2962 Fibreno

197 2981 301 3071 (nam,
331 2983 459 3069 opinor,
488 2985 523 3048 id
547 2983 598 3048 illi
626 2984 721 3048 alleri
747 2984 873 3048 flumini
895 3005 1015 3049 nomen
1036 2985 1118 3071 esi),
1145 3007 1201 3049 ser·
1236 2975 1237 3048 l

196 3071 286 3137 moni
312 3072 438 3155 reliquo
462 3073 573 3136 demus
597 3094 730 3157 operam
754 3072 923 3137 sedentes?
959 3073 1007 3138 M.
1031 3070 1118 3139 Sane
1141 3074 1221 3158 qui-⁵

196 3160 283 3244 dem3
309 3181 386 3224 nam
413 3160 472 3224 illo
500 3160 571 3225 loco
597 3160 811 3225 libentissime
835 3161 923 3225 soleo
946 3160 1010 3243 uti,
1038 3162 1108 3227 sive
1132 3159 1201 3246 quid

162 3262 178 3309 2
198 3270 324 3312 mecum
341 3248 411 3332 ipse
426 3247 534 3333 cogito
549 3247 617 3313 sive
634 3250 717 3329 [aul]
733 3248 811 3333 quid
824 3248 930 3313 scribo
945 3252 1002 3312 aul
1016 3248 1102 3335 lego.
1131 3251 1201 3315 Arr.
1236 3251 1237 3322 l

196 3335 368 3419 Equidem,
397 3336 452 3419 qui
478 3357 563 3400 nunc
589 3337 798 3420 potissimum
820 3337 884 3402 huc
905 3337 1066 3421 venerim,
1093 3335 1201 3404 saliun’

195 3442 262 3485 non
281 3442 362 3503 queo
381 3423 634 3508 magnificasque
652 3424 749 3490 villus
769 3427 801 3489 el
819 3425 1008 3510 pavimenta
1023 3445 1201 3491 marmoreo
1236 3425 1237 3510 ξ

197 3509 231 3570 el
260 3506 412 3589 laqueata
443 3513 530 3574 lecta
561 3515 746 3598 contemno,
783 3513 898 3580 duobus
929 3535 1006 3580 vero
1039 3525 1237 3600 aqusmm12‘
