2458 3934
177 165 241 230 150
523 162 571 217 DE
590 160 834 218 DIVINATIONE

194 345 196 350 ·
220 307 340 393 Saepe
354 287 469 372 etiam
483 306 672 393 pertriste
686 305 792 371 canit
805 306 848 371 de
862 310 1018 392 pectore
1030 319 1183 372 carmen

219 395 268 460 Flt
290 395 494 460 matutinis
518 394 701 459 acredula
723 394 885 458 vocibus
908 395 1045 475 instat,

220 483 389 548 Vocibus
425 482 550 548 instat
588 486 625 547 et
657 481 839 547 adsiduas
871 482 967 547 iacit
999 503 1063 634 ile
1094 503 1185 565 que·

221 657 311 725 Cum
338 659 501 743 primum
529 658 680 742 gelidos
706 677 814 724 rores
842 592 1185 724 auroriereid'ittit.
1217 667 1218 724 l

221 747 418 830 Fuscaque
447 767 523 811 non
549 767 754 830 numquam
781 767 940 810 cursans
968 769 1037 830 per
1062 747 1186 848 litora
1210 763 1218 816 l

435 859 438 862 ·
963 856 980 898 c
1059 857 1096 898 lx
1217 853 1218 896 ἕ

221 922 417 990 Demersit
440 924 555 1005 eaput
577 924 616 986 et
637 920 802 987 fluctum
824 856 1159 1008 eerviceorrebepit.

126 1014 159 1140 1}
178 1047 334 1112 Videmus
366 1047 446 1110 haec
478 1045 572 1128 signa
603 1065 780 1127 numquam
811 1043 879 1109 fere
905 1045 1101 1111 mentientia
1129 1069 1184 1111 nec

178 1141 296 1219 tamen,
320 1156 376 1199 cur
398 1133 446 1197 ita
468 1133 535 1214 fiat,
557 1131 711 1196 videmus.

222 1240 299 1304 Vos
328 1259 476 1323 quoque
501 1237 612 1321 signa
634 1237 789 1320 videtis,
820 1239 934 1322 aquai
958 1239 1083 1306 dulcis
1109 1242 1185 1306 alu·
1217 1297 1218 1312 ,

978 1350 1099 1414 mnae,

224 1414 315 1482 Cum
338 1414 505 1478 clamore
528 1413 679 1498 paratis
702 1413 831 1478 inanis
854 1413 1015 1480 fundere
1038 1439 1152 1483 voces
1196 1435 1216 1476 ιο

224 1501 479 1586 Absurdoque
503 1522 596 1565 sono
618 1501 740 1566 fontis
765 1505 803 1566 et
826 1506 966 1588 stagna
988 1504 1114 1570 cietis.

181 1628 259 1706 Quis
283 1628 346 1710 est,
369 1625 425 1710 qui
446 1624 641 1690 ranunculos
663 1624 725 1690 hoc
748 1624 856 1690 videre
879 1625 1039 1710 suspicari
1060 1628 1184 1712 possit?

182 1718 238 1784 sed
264 1716 349 1780 inest
371 1714 406 1778 in
428 1712 614 1778 ranunculis
636 1711 686 1776 vis
710 1715 743 1775 et
764 1717 884 1778 natura
907 1714 1068 1798 quaedam
1090 1717 1185 1802 signi

181 1807 281 1870 ficans
305 1801 428 1886 aliquid
455 1823 512 1885 per
540 1821 574 1864 se
600 1800 673 1885 ipsa
696 1799 776 1864 satis
799 1805 902 1884 certa,
931 1803 1113 1886 cognitioni
1137 1827 1184 1868 au·

181 1897 249 1958 tem
271 1891 439 1956 hominum
461 1887 636 1952 obscurior.
1196 1907 1215 1947 1⁵

225 1994 532 2078 Mollipedesque
550 1994 668 2058 boves
687 1997 909 2077 spectantes
929 1995 1184 2063 luminacaeli

225 2082 395 2148 Naribus
418 2080 621 2146 umiferum
642 2081 782 2146 duxere
806 2103 850 2144 ex
873 2087 959 2146 abre
983 2105 1124 2150 sucum.

182 2206 259 2273 Non
281 2225 410 2290 quaero,
433 2225 497 2286 cur,
521 2204 682 2288 quoniam,
706 2204 783 2290 quid
805 2204 941 2289 eveniat,
964 2206 1133 2294 intellego.

226 2312 306 2378 Iam
329 2331 418 2376 vero
443 2329 592 2394 semper
612 2309 750 2373 viridis
775 2331 1000 2396 semperque
1024 2316 1184 2397 gravata

226 2399 431 2466 Lentiscus
454 2396 605 2482 triplici
629 2397 748 2461 solita
771 2399 1029 2483 grandescere
1051 2399 1135 2465 fetu
1194 2413 1214 2453 2⁰

227 2489 298 2554 Ter
329 2487 461 2572 fruges
492 2485 656 2550 fundens
688 2485 766 2550 tria
789 2489 1184 2641 temporirrpggistrat

132 2697 164 2745 rs
184 2683 233 2749 Ne
260 2683 322 2748 hoe
350 2681 479 2766 quidem
507 2700 640 2763 quaero,
668 2701 725 2744 cur
751 2679 831 2746 haec
854 2681 952 2746 arbor
973 2701 1039 2746 una
1062 2685 1113 2746 ter
1134 2680 1183 2744 fio

185 2774 254 2836 reat
278 2774 334 2835 aut
357 2791 413 2834 cur
436 2768 549 2834 arandi
571 2767 795 2832 maturitatem
818 2768 859 2832 ad
882 2768 1012 2854 signum
1030 2769 1120 2834 floris
1138 2789 1181 2832 ae·

185 2857 379 2939 commodet3
397 2857 459 2922 hoc
474 2878 545 2922 sum
559 2858 739 2938 contentus,
759 2855 853 2939 quod,
874 2857 1011 2940 etiamsi,
1030 2879 1088 2921 cur
1101 2853 1182 2940 quid·

186 2966 246 3029 que
269 2944 337 3026 fiat,
360 2943 516 3028 ignorem,
540 2942 617 3028 quid
639 2943 706 3027 fiat,
728 2943 893 3029 intellego.
934 2943 999 3010 Pro
1023 2945 1112 3010 omni
1129 2941 1213 3028 igi-a

184 3037 237 3098 tur
264 3031 461 3095 divinatione
483 3031 581 3113 idem,
610 3031 695 3115 quod
717 3053 777 3115 pro
799 3031 896 3096 rebus
918 3032 972 3115 iis,
1001 3054 1082 3116 quas
1105 3051 1182 3098 com·

135 3123 175 3188 10
185 3117 375 3202 memoravi,
406 3119 617 3201 respondebo.
662 3116 746 3193 Quid
778 3139 1000 3184 scammoneae
1025 3121 1118 3186 radix
1146 3114 1182 3182 ad

181 3207 403 3296 purgandum,
431 3205 508 3288 quid
535 3205 745 3271 aristolochia
772 3206 813 3271 ad
840 3228 967 3272 morsus
991 3207 1180 3293 serpentium

184 3298 299 3382 possit,
322 3315 404 3378 quae
425 3314 544 3358 nomen
567 3315 605 3356 ex
626 3293 794 3358 inventore
817 3295 970 3379 repperit,
992 3318 1062 3370 rem
1084 3296 1180 3380 ipsam
1217 3303 1218 3362 l

185 3385 335 3447 inventor
359 3403 397 3444 ex
420 3379 554 3460 somnio,
577 3379 679 3463 video,
703 3381 788 3464 quod
811 3383 892 3446 satis
915 3387 978 3466 est3
1002 3406 1059 3450 cur
1076 3379 1209 3468 possit,³⁰

185 3469 302 3532 nescio.
348 3465 400 3532 Sic
426 3470 597 3530 ventorum
625 3469 658 3530 et
684 3467 838 3533 imbrium
866 3470 974 3556 signa,
1007 3493 1088 3554 quae
1114 3465 1180 3549 dixi,
1217 3487 1218 3558 ᾗ
