2490 3950
296 157 362 212 113.
381 158 402 212 1.
422 157 497 212 cnr.
517 163 629 213 nr-ae.
649 163 665 223 s
683 163 796 214 cr-ra
1004 157 1045 220 27

64 301 211 383 Zenonem,
234 323 308 366 cunr
329 301 400 386 ipse
416 300 502 366 falsa
520 300 629 366 omnia
647 300 777 384 diceret,
798 323 880 385 quae
899 301 1047 366 sensibus

63 390 241 472 viderentur,
273 389 380 454 Zenon
410 393 519 454 autem
549 411 616 454 non
641 389 734 454 nulla
759 389 830 455 risa
857 411 926 454 esse
953 389 1048 471 falsa,

62 499 114 540 non
129 477 242 542 omnia.
280 477 402 542 Timuit
414 476 583 561 Epicurus,
604 498 655 562 ne,
673 477 702 542 si
719 499 820 542 unum
838 477 943 542 visum
962 481 1047 542 esset

61 564 172 650 falsum,
198 565 329 630 nullum
354 568 439 630 esset
462 587 586 630 verum:
613 565 718 630 omnis
742 586 855 630 sensus
877 565 947 630 reri
968 587 1048 630 nun·

42 653 110 716 stios
130 653 209 740 dirit
227 675 309 718 esse.
344 651 437 718 Nihil
459 652 577 718 horum
596 653 693 718 nimis
712 654 841 736 callide3
864 653 1048 739 graviorem

59 741 127 805 enim
148 741 285 828 plagam
303 741 490 826 accipiebat,
512 744 550 806 ut
567 741 722 806 leviorem
740 741 922 827 repelleret.
957 741 1047 806 Idem
1067 753 1100 800 11

58 829 122 894 facit
141 830 176 894 in
197 833 320 894 natura
342 829 489 914 deorum3
517 830 592 894 dum
614 828 853 895 individuorum
876 851 1048 914 corporum

57 917 281 983 concretionem
308 917 409 1004 fingit,
438 939 479 982 ne
508 916 660 998 interitus
688 922 720 982 et
747 917 916 1001 dissipatio
940 939 1048 982 conse-

58 1009 165 1089 quatur,
187 1010 293 1092 negat
316 1027 385 1106 esse
408 1027 525 1091 corpus
547 1005 689 1090 deorum,
712 1005 768 1070 sed
790 1008 958 1106 tamquam
982 1026 1049 1105 ocr-

30 1109 112 1245 tls
129 1092 1101 1266 eterit-¹3athima?tltttttdtdtdatd²⁶

56 1289 112 1332 cem
132 1271 266 1353 riderit3
289 1270 351 1336 hoo
373 1269 563 1354 mirabilius,
587 1270 672 1354 quod
690 1291 748 1334 vos
766 1270 928 1336 intervos
946 1269 1048 1335 risum

58 1359 149 1422 tenere
175 1358 324 1443 possitis.
369 1356 460 1423 ‘Non
482 1362 533 1422 est
554 1379 683 1442 eorpus,
711 1357 768 1424 sed
790 1357 884 1442 quasi
911 1357 1048 1443 corpus?

57 1443 114 1510 Hoc
142 1447 370 1532 intellegerem
400 1446 495 1530 quale
523 1449 621 1529 esset,
649 1446 677 1510 si
703 1446 739 1510 in
764 1446 844 1511 ceris
871 1446 1049 1532 fingeretur

33 1537 103 1596 aaut
125 1534 285 1600 fictilibus
310 1533 437 1620 figuris3
468 1534 504 1598 in
529 1533 589 1598 deo
617 1534 694 1617 quid
721 1533 764 1598 sit
792 1533 898 1617 ‘quasi
920 1533 1049 1619 corpus'

58 1624 103 1684 aut
129 1621 241 1707 ‘quasi
270 1621 428 1708 sauguis',
458 1621 648 1707 intellegere
675 1641 743 1686 non
768 1641 916 1705 possum3
946 1643 986 1685 ne
1013 1625 1051 1686 tu

59 1709 180 1793 quidem,
203 1709 323 1793 Vellei,
346 1709 402 1774 sed
422 1731 489 1774 non
511 1709 560 1774 vis
579 1709 685 1774 fateri.
726 1705 796 1772 Ista
815 1707 902 1772 enim
920 1731 940 1772 a
958 1709 1050 1774 vobis
1071 1723 1103 1771 72

60 1799 136 1878 quasi
158 1799 284 1864 dictata
306 1797 491 1882 redduntur,
514 1819 595 1882 quae
612 1797 772 1882 Epicurus
796 1797 938 1862 oscitans
961 1796 1052 1861 halu-

59 1885 168 1952 cinatus
197 1891 263 1970 est,
294 1908 367 1950 cum
394 1886 522 1970 quidem
550 1885 759 1970 gloriaretur,
790 1889 828 1949 ut
850 1884 995 1950 videmus
1018 1885 1053 1948 in

36 1973 183 2059 occupas,
207 1996 244 2040 se
267 1973 460 2060 magistrum
482 1973 635 2038 hahuisse
652 1974 788 2040 nullum.
829 1972 921 2048 Quod
940 1974 969 2038 ei
987 1995 1053 2038 non

60 2063 249 2143 praedicanti
271 2065 382 2126 tamen
397 2061 493 2127 facile
511 2061 659 2146 equidem
678 2061 848 2145 crederem,
872 2062 956 2126 siout
973 2061 1054 2126 mali

62 2149 182 2216 aedificii
206 2151 336 2216 domino
355 2150 510 2235 glorianti
528 2170 562 2214 se
581 2149 793 2215 architectum
805 2171 873 2215 non
885 2149 1052 2233 habuisse3

61 2236 128 2301 nihil
150 2240 240 2304 enim
263 2239 330 2302 olet
352 2260 391 2303 ex
409 2237 592 2320 Academia,
614 2236 697 2301 nihil
721 2259 759 2302 ex
776 2236 885 2322 Lycio,
906 2237 989 2302 nihil
1011 2259 1052 2304 ne

63 2327 276 2410 epuerilibus
309 2326 437 2410 quidem
468 2325 655 2411 disciplinis.
706 2324 911 2390 Xenocraten
942 2325 1053 2390 audire

37 2417 108 2494 epe
130 2415 166 2499 't,
196 2436 293 2499 quem
319 2414 438 2497 virum,
467 2413 500 2478 di
522 2413 737 2478 immortales!
765 2417 798 2478 et
820 2416 896 2478 sunt
919 2413 974 2495 qui
997 2436 1053 2496 pu-

62 2502 120 2566 tent
139 2503 282 2585 audisse3
304 2501 374 2586 ipse
396 2524 462 2567 non
484 2502 569 2585 vult,
591 2501 684 2566 oredo
703 2501 777 2585 plus
796 2500 925 2564 nemini.
958 2499 1052 2564 Pam·

63 2587 172 2669 philum
202 2589 375 2675 quendam,
402 2589 549 2655 Platonis
573 2589 766 2671 auditorem,
794 2588 841 2652 ait
864 2610 884 2651 a
907 2609 941 2653 se
964 2585 1054 2652 Sami

64 2678 209 2762 auditum,
230 2679 278 2743 ibi
301 2678 386 2742 enim
409 2678 595 2743 adulescens
618 2677 791 2741 habitabat
814 2697 887 2740 oum
909 2680 1002 2760 patre
1021 2680 1054 2740 et

65 2761 220 2852 fratribus,
252 2765 338 2851 quod
367 2767 402 2829 in
430 2788 502 2830 eam
528 2769 621 2850 pater
650 2765 717 2829 eius
740 2763 878 2829 Neocles
906 2763 1054 2851 agripeta

37 2859 196 2939 ³⁰uenerat,
228 2854 284 2918 sed
316 2877 389 2918 oum
416 2854 542 2940 agellus
571 2876 644 2918 eum
669 2874 736 2918 non
764 2852 844 2917 satis
873 2853 986 2938 aleret,
1017 2856 1054 2919 ut

66 2941 173 3028 opinor,
196 2942 265 3007 ludi
288 2942 444 3028 magister
465 2941 537 3006 fuit.
583 2939 645 3006 Sed
667 2940 752 3006 huno
769 2939 974 3008 Platonicum
997 2943 1054 3006 mi·
1074 2953 1106 3000 73

66 3027 138 3096 n'lioe
166 3029 345 3096 contemnit
373 3029 548 3114 Epicurum
575 3029 624 3094 ita
653 3028 783 3113 metuit,
811 3051 852 3094 ne
882 3031 958 3114 quid
987 3051 1054 3094 um·

68 3135 148 3197 quam
175 3119 324 3184 didicisse
350 3118 505 3183 videatur.
551 3116 590 3182 lu
616 3115 826 3203 Nausiphane
849 3117 1054 3182 Democriteo

66 3205 191 3291 tenetur3
223 3229 319 3292 quem
346 3229 418 3272 oum
449 3229 469 3270 a
496 3228 529 3270 se
556 3227 623 3271 non
647 3210 745 3291 neget
768 3205 928 3285 anditum,
959 3205 1055 3266 vexat

42 3293 160 3361 i'atamen
184 3295 333 3360 omnihus
357 3294 570 3359 contumeliis.
615 3293 718 3377 Atqui
741 3294 769 3358 si
791 3292 870 3357 haec
892 3289 1056 3354 Democri-

69 3380 110 3445 tea
127 3406 193 3450 non
216 3383 368 3465 audisset,
391 3382 468 3467 quid
491 3382 659 3448 audierat?
683 3381 760 3464 quid
783 3382 832 3443 est
855 3374 1055 3459 inphysicis

69 3463 183 3551 Epicuri
209 3493 276 3536 non
301 3494 321 3536 a
342 3470 551 3535 Democrito?
596 3468 683 3534 Nam
707 3467 769 3530 etsi
792 3463 949 3548 quaedam
972 3484 1056 3525 oom-
