2510 3936
554 176 603 230 DE
622 175 777 232 LEGIBUS

353 447 471 546 DE
543 441 984 544 LEGIBUS

514 625 635 686 LIBER
657 623 816 685 PRIMUS.

461 903 875 966 ARGUMENTUM.

219 1040 316 1097 (liceto
334 1041 484 1110 portquam
503 1055 552 1093 aex
569 1037 649 1092 libris
667 1037 703 1092 de
721 1055 751 1092 re
769 1036 884 1108 publiea
898 1035 1020 1107 scriptia,
1039 1053 1126 1106 quem
1138 1035 1175 1090 ad

163 1114 279 1168 modum
302 1111 357 1166 eibi
379 1127 423 1165 res
447 1109 561 1181 publica
580 1109 776 1164 constituenda
793 1124 826 1162 aa
844 1108 968 1177 regenda
986 1125 1048 1162 ease
1066 1108 1175 1162 videra-

163 1186 218 1250 tur,
238 1181 391 1252 explicavit
407 1181 533 1236 Platonis
551 1180 671 1234 maxime
690 1179 848 1248 exemplum
866 1181 987 1246 secutur,
1006 1181 1062 1233 hoo
1076 1179 1175 1233 eodem

166 1255 279 1307 auctore
297 1251 417 1306 totidem
435 1250 515 1305 libris
533 1251 619 1305 etiam
637 1249 672 1304 de
691 1249 815 1320 legibus,
834 1265 906 1318 quae
924 1248 954 1302 in
973 1249 1091 1304 civitate
1111 1266 1129 1302 a
1146 1266 1175 1302 se

165 1323 321 1378 constituta
338 1321 507 1376 obtinendae
526 1324 626 1388 essent,
646 1337 717 1389 quae
736 1337 787 1375 aua
805 1322 879 1374 esset
898 1319 1047 1388 sententia,
1067 1319 1175 1389 aperire

164 1393 263 1447 voluit.
301 1391 382 1456 Quod
399 1394 594 1460 argumentum
611 1392 654 1445 ita
670 1392 833 1461 persecutus
852 1392 903 1458 est,
921 1391 1002 1444 utin
1021 1391 1172 1459 colloquio,

165 1463 240 1531 quod
266 1461 349 1532 fingit
376 1478 405 1515 se
434 1479 497 1515 cum
525 1462 627 1526 Quinto
655 1461 740 1516 fratre
769 1464 798 1516 et
822 1460 920 1516 Attico
949 1479 999 1516 suo
1022 1477 1047 1515 a
1071 1479 1098 1515 u.
1124 1468 1174 1516 ⁷02

165 1535 215 1587 aut
233 1540 284 1588 ‘loa
303 1533 416 1587 ineunte
435 1532 574 1600 habuisse,
594 1551 657 1587 eum
674 1533 768 1588 locum
785 1533 979 1602 pertractaret,
1013 1531 1121 1586 Eorum
1134 1534 1174 1586 ta·

163 1621 230 1658 men
251 1603 387 1658 librorum
408 1620 466 1658 non
487 1605 650 1657 manserunt
670 1603 726 1657 nisi
748 1606 818 1674 tres,
842 1602 923 1672 eique
946 1618 1003 1657 non
1021 1603 1129 1672 integri
1146 1604 1174 1656 et

164 1674 342 1730 librariorum
366 1673 504 1729 erroribus
533 1673 616 1728 valde
646 1675 776 1744 corrupti.
817 1672 855 1726 Et
882 1673 913 1726 in
940 1673 1032 1743 primo
1061 1673 1174 1742 quidem

165 1744 237 1800 libro
262 1746 357 1799 Cicero
385 1745 538 1814 praemisso
565 1745 708 1814 prooemio
735 1743 856 1814 primum
878 1745 1008 1799 naturam
1030 1743 1101 1798 iuris
1129 1760 1173 1798 ex-

164 1815 255 1886 plieat
277 1833 393 1883 eamque
414 1816 450 1869 ab
473 1815 594 1870 hominis
618 1816 718 1870 natura
739 1813 855 1884 repetit,
879 1813 980 1868 deinde
1004 1814 1172 1881 considerat,

165 1885 266 1954 quibus
284 1885 394 1956 legibus
414 1885 513 1940 civitae
531 1885 592 1955 regi
611 1885 724 1954 debeat,
743 1885 863 1953 denique
880 1886 950 1939 haec
968 1887 1084 1953 tracta,
1103 1901 1172 1954 quae

165 1957 373 2097 {tubuli
385 1955 1058 2096 dilituiffilloiuttililliultlffti’
1071 1955 1171 2080 {iffi

166 2099 259 2151 autem
278 2096 468 2166 disputatione
486 2113 552 2151 usus
571 2099 615 2152 est
628 2097 858 2167 philosophorum
871 2113 956 2164 more,
974 2113 1033 2151 non
1045 2099 1171 2152 veterum

165 2167 278 2220 illorum
298 2166 526 2248 Socraticorum&
537 2168 768 2249 Academicorum
786 2169 816 2222 et
832 2166 1099 2248 Peripateticorum,
1124 2165 1170 2221 sed

165 2253 338 2388 elatu
373 2237 578 2390 nutus
593 2239 967 2390 urinantium
982 2239 1170 2390 lunae

164 2377 350 2448 temporebus,
376 2396 407 2432 in
434 2380 532 2448 primis
559 2396 576 2432 a
598 2379 713 2446 stoan,
741 2379 911 2434 articulatim
937 2379 1075 2434 distinata
1099 2380 1170 2433 dme-

165 2450 280 2516 bantur‚
304 2448 379 2518 quod
400 2449 542 2519 negabant
565 2449 632 2504 satis
655 2450 715 2504 fieri
732 2450 799 2504 huio
817 2449 852 2503 de
869 2450 980 2518 legibus
997 2450 1063 2504 loco
1081 2466 1170 2520 poree,

155 2517 1170 2660 launuluuulnuliuleonianus·ul

154 2659 257 2730 ,aperit
275 2662 305 2714 et
322 2660 451 2715 ultimam
469 2661 562 2730 legem
580 2661 650 2715 dicit
668 2678 728 2716 esse
746 2664 868 2716 mentem
883 2660 929 2714 dei
943 2610 1046 2732 optimi
1057 2662 1170 2716 maximi

166 2731 260 2784 omnia
280 2730 390 2786 ratione
413 2730 537 2785 iubentis
560 2733 590 2785 et
611 2732 747 2802 vetantis,
771 2749 789 2787 a
807 2749 861 2801 qua
877 2731 1024 2786 hominum
1042 2750 1111 2787 vera
1127 2734 1171 2787 lex

163 2799 368 2870 proficiscatur,
396 2819 467 2871 quae
490 2801 528 2855 eit
549 2801 621 2857 ratio
645 2803 795 2872 sapientis,
818 2804 885 2872 apta
907 2803 945 2856 ad
966 2803 1122 2857 iubendum
1143 2805 1169 2857 et

165 2870 318 2951 rotandum
340 2873 424 2939 (conf.
444 2872 492 2926 lib.
511 2873 539 2926 11
557 2877 593 2943 4).
628 2874 721 2942 Atque
740 2875 795 2928 hoo
813 2876 857 2928 eat
874 2875 1071 2943 argumentum
1089 2874 1168 2928 huius

164 2939 238 3006 hbn,
258 2956 374 3009 eamque
393 2942 518 2997 scholam
537 2943 620 2999 certia
635 2943 775 3014 capitibus
789 2944 947 3014 distinguit.
979 2944 1107 3000 Primum
1119 2945 1169 3014 igi·

163 3011 210 3064 tur
228 3009 312 3064 docet
329 3026 347 3064 a
364 3011 426 3078 deo,
444 3013 522 3068 ouius
540 3015 653 3069 numine
671 3031 705 3068 ao
718 3017 811 3069 mente
825 3015 918 3069 omnia
931 3017 1075 3084 regantur,
1093 3033 1169 3086 prae·

165 3080 241 3134 olara
268 3080 388 3149 quadam
416 3083 579 3139 condicione
607 3087 771 3155 generatum
795 3103 855 3140 esse
877 3086 1032 3153 hominem3
1061 3089 1169 3156 praeter
1239 3097 1240 3124 ³

164 3152 222 3206 alia
249 3151 324 3206 enim
346 3151 420 3206 bona
438 3153 492 3206 soli
510 3171 544 3208 ex
562 3156 685 3210 omnium
703 3157 886 3211 animantium
904 3156 1053 3225 generibus
1072 3174 1107 3210 ae
1124 3175 1169 3211 na-

164 3221 235 3276 turis
253 3221 418 3303 attributam
436 3239 496 3278 esse
514 3225 661 3296 rationem,
680 3244 828 3296 quaecum
841 3226 997 3282 adoleverit
1010 3227 1097 3296 atque
1110 3246 1169 3298 per-

164 3291 240 3346 fecta
268 3294 317 3358 sit,
346 3293 486 3362 sapientia
506 3296 677 3366 nominetur,
705 3299 738 3351 ut
760 3297 867 3353 homiui
890 3314 952 3352 oum
976 3297 1030 3352 deo
1053 3299 1169 3352 rationis

165 3362 285 3417 societas
309 3362 347 3416 sit
369 3364 410 3429 et,
438 3363 505 3431 quia
526 3366 599 3419 ratio
623 3365 669 3421 lex
693 3367 741 3435 sit,
770 3365 1018 3423 communio'iuris
1043 3371 1074 3422 et
1092 3369 1168 3438 quasi

165 3432 302 3498 quaedam
320 3433 463 3502 adgnato,
483 3434 558 3502 quod
575 3451 593 3489 a
611 3435 664 3492 deo
682 3439 755 3494 ratio
770 3440 809 3495 sit
821 3441 985 3509 ingenerata
998 3445 1068 3509 (cap.
1083 3445 1168 3510 7-9).

164 3499 272 3556 Deinde
297 3503 422 3557 ostendit
438 3507 510 3572 (oap.
531 3511 576 3575 10,
597 3511 640 3576 11)
658 3509 803 3564 hominum
820 3511 894 3565 inter
910 3509 988 3580 ipsos
1007 3527 1069 3564 esse
1088 3528 1168 3582 prop-
1239 3541 1240 3570 f
