2458 3934
149 177 212 242 154
499 173 548 228 DE
565 171 807 229 DIVINATIONE

191 319 241 386 Te
264 318 397 404 patria
418 317 458 382 in
479 317 605 383 media
626 318 815 384 virtutum
837 317 936 382 mole
958 315 1122 380 locavit.

191 407 245 471 Tu
266 411 395 471 tamen
418 405 614 472 anxiferas
634 427 745 472 ouras
763 405 940 489 requiete
957 404 1160 487 relaxans,

191 493 296 572 Quod
322 495 474 579 patriae
502 497 629 579 vacat,
656 493 695 559 id
717 493 858 560 studiis
880 492 1073 576 nobisque
1098 513 1160 556 sa·

934 580 1065 648 orasti

147 670 196 736 'In
218 671 322 756 igitur
344 671 489 736 animum
511 671 635 755 poteris
658 670 807 736 inducere
830 672 944 736 contra
961 689 1010 752 aa,
1033 689 1120 752 quae
1141 692 1162 732 a

148 781 200 826 me
223 759 431 844 disputantur
452 758 492 824 de
514 759 722 843 divinatione,
745 757 859 841 dicere,
882 757 938 841 qui
960 760 994 822 et
1013 757 1162 842 gesseris
1189 776 1201 816 ⁵

148 869 199 932 ea,
227 869 309 930 quae
333 846 478 933 gessisti,
501 849 535 912 et
557 867 609 929 ea,
633 868 715 930 quae
737 844 959 930 pronuntiavi,
981 845 1163 913 accuratis-

95 948 129 996 23
148 957 238 1002 sume
261 935 451 1021 scripseris?
492 932 597 1010 Quid?
621 933 759 1018 quaeris,
781 931 973 1015 Carneades,
996 954 1055 998 our
1077 932 1164 998 lraec

147 1024 195 1092 ita
221 1024 302 1090 fiant
329 1027 386 1088 aut
413 1045 477 1107 qua
499 1026 569 1088 arte
591 1023 731 1107 perspici
753 1021 903 1106 possint?
947 1019 1084 1086 Nescire
1107 1043 1163 1088 rue

147 1112 263 1196 fateor,
285 1113 412 1177 evenire
436 1114 544 1176 autem
567 1111 731 1195 teipsum
749 1108 819 1175 dico
838 1108 955 1175 videre.
991 1107 1090 1193 Casu,
1114 1109 1164 1173 in-
1224 1143 1225 1168 l

149 1201 231 1283 quis.
267 1198 361 1266 Itane
383 1199 482 1264 vero?
505 1198 679 1282 quicquam
700 1201 811 1283 potest
831 1219 909 1264 casu
932 1218 1003 1262 esse
1021 1196 1162 1280 facturn,
1177 1218 1201 1256 u

150 1287 235 1371 quod
259 1307 369 1352 omnes
393 1286 493 1351 habet
515 1286 549 1352 in
572 1307 606 1350 se
623 1307 774 1352 numeros
792 1285 963 1352 veritatis?
994 1283 1164 1362 Quattuor

148 1375 218 1448 tali-
232 1375 311 1440 iacti
329 1395 405 1440 casu
423 1372 599 1440 Venerium
622 1374 781 1458 efficiunt3
802 1395 882 1440 num
905 1373 1004 1438 etiam
1025 1377 1164 1440 eentum
1225 1435 1226 1448 ,

149 1461 320 1547 Venerios,
344 1462 373 1528 si
395 1461 648 1550 quadringentos
670 1463 756 1528 talos
778 1461 906 1546 ieceris,
929 1483 1007 1528 casu
1028 1461 1162 1528 futuros

149 1551 268 1636 putas?
300 1550 445 1636 Aspersa
467 1553 588 1614 temere
610 1550 779 1637 pigmenta
795 1550 829 1615 in
847 1549 962 1615 tabula
980 1551 1047 1615 oris
1066 1550 1163 1616 linia-

151 1644 262 1705 menta
283 1639 409 1707 efficere
431 1642 582 1723 possunt3
604 1661 682 1704 num
705 1638 804 1704 etiam
823 1636 960 1704 Veneris
979 1635 1067 1703 Coae
1089 1639 1200 1722 pul-1⁵
1226 1688 1227 1728 ,

151 1729 366 1795 chritudinem
385 1727 469 1794 effici
486 1747 582 1812 posse
596 1727 782 1811 aspersione
794 1724 933 1791 fortuita
946 1726 1068 1810 putas?
1097 1723 1162 1792 Sus
1226 1731 1227 1756 ¹

151 1821 257 1882 rostro
282 1817 310 1882 si
331 1816 423 1881 humi
443 1813 474 1879 A
496 1816 641 1880 litteram
662 1814 860 1899 inpresserit,
883 1835 961 1878 num
984 1817 1164 1898 propterea

152 1905 309 1988 suspicari
339 1904 461 1989 poteris
494 1901 756 1970 Andromacham
786 1901 886 1968 Ennii
918 1901 959 1966 ab
992 1923 1031 1968 ea
1061 1923 1163 1986 posse

152 1991 313 2058 describi?
349 1990 511 2076 Fingebat
533 1989 715 2056 Carneades
738 1991 773 2055 in
794 1988 951 2055 Chiorum
973 1989 1162 2074 lapicidinis
1227 1999 1228 2044 l

152 2100 230 2144 sexo
257 2077 382 2144 diffisso
409 2083 507 2163 caput
534 2079 680 2144 extitisse
702 2077 845 2161 Panisci,
872 2077 981 2161 credo,
1012 2077 1162 2162 aliquam
1176 2096 1200 2136 a

152 2188 217 2231 non
240 2165 428 2232 dissimilem
451 2167 598 2252 figuram,
622 2165 679 2232 sed
700 2169 786 2232 certe
807 2186 875 2232 non
896 2166 1006 2249 talam,
1030 2170 1068 2231 ut
1086 2187 1162 2230 eam

151 2254 273 2320 factam
296 2251 439 2338 aSoopa
462 2253 592 2320 diceres¹
628 2251 682 2320 Sic
705 2255 791 2320 enim
813 2275 848 2319 se
866 2253 1013 2340 profecto
1031 2275 1085 2319 res
1102 2253 1163 2319 ha·

153 2344 218 2428 bet,
240 2347 278 2408 ut
299 2364 476 2426 numquam
497 2341 640 2428 perfecte
662 2342 836 2407 veritatem
858 2363 952 2406 casus
975 2341 1134 2406 imitetur.

219 2431 267 2496 At
288 2453 355 2502 non
376 2451 554 2516 numquam
577 2452 628 2514 ea,
651 2450 732 2514 quae
754 2429 922 2515 praedicta
943 2434 1028 2512 sunt,
1050 2429 1161 2496 minus

154 2520 313 2586 eveniunt.
362 2517 450 2595 Quae
482 2517 613 2584 tandem
643 2517 677 2582 id
711 2539 764 2584 ars
794 2539 862 2584 non
892 2517 1013 2583 habet?
1047 2538 1162 2584 aarum
1175 2533 1200 2574 2⁵

154 2607 224 2674 dico
247 2608 376 2692 artium,
400 2629 481 2693 quae
504 2605 689 2672 coniectura
711 2606 918 2672 continentur
940 2609 974 2670 et
997 2609 1074 2671 sunt
1091 2606 1162 2690 opi·

153 2696 288 2761 nabiles.
334 2695 388 2761 An
418 2693 578 2762 medicina
610 2715 663 2758 ars
689 2715 763 2760 non
783 2694 928 2779 putanda
955 2694 1027 2760 est?
1060 2713 1161 2778 quam

153 2787 263 2848 tamen
285 2785 390 2848 multa
410 2783 538 2848 fallunt.
583 2779 688 2857 Quid?
716 2782 948 2867 gubernatores
970 2803 1077 2847 nonne
1099 2779 1161 2846 fal-

154 2870 287 2936 luntur?
319 2872 373 2936 An
385 2871 584 2938 Achivorum
607 2869 765 2936 exercitus
788 2873 822 2935 et
839 2872 891 2948 tot
907 2870 1040 2936 nauum
1057 2873 1160 2934 recto

155 2979 206 3021 res
235 2977 302 3022 non
330 2958 378 3021 ita
404 2958 543 3043 profecti
569 2962 646 3022 sunt
672 2958 714 3024 ab
736 2957 811 3041 llio,
840 2961 877 3022 nt
900 2957 1199 3042 ‘profectiones

155 3044 253 3111 laeti
275 3044 437 3160 piscium
459 3046 663 3112 lasciviam
684 3043 957 3128 intuerentur'‚
979 3049 1017 3110 ut
1035 3045 1084 3160 ait
1099 3044 1159 3110 Pa·

155 3132 1158 3305 litt12²3⁰,ltsstltrlttltzttttltltlt,a

167 3337 168 3342 ¹
956 3331 1058 3374 mare

200 3395 396 3461 Tenebrae
423 3395 745 3480 conduplicantur
771 3397 975 3480 noctisque
1003 3399 1040 3462 et
1062 3359 1158 3462 irim·

617 3483 704 3548 bum
727 3485 906 3552 occaecdt
927 3483 1072 3570 nigror.

102 2487 135 2536 24
