2510 3936
136 183 203 246 414
524 133 748 232 annuamus

137 327 216 392 leto
248 326 360 390 datos
393 322 501 388 divos
533 321 716 406 habent03
749 323 942 404 sumptum
973 320 1013 384 in
1042 319 1149 384 ullos

138 416 360 498 luctumque
382 412 593 477 minuunto.
733 461 737 467 .

85 475 128 600 ἐξ)
203 503 279 568 Aru
303 499 464 567 Conclusa
487 498 616 583 quidem
640 501 690 562 est
709 520 729 563 a
746 500 780 562 10
797 518 978 584 permagna
995 498 1049 561 lex
1069 517 1150 560 sane

139 613 237 674 quam
254 589 360 672 brevi3
382 588 447 673 sed,
463 591 501 651 ut
518 587 600 651 mihi
619 586 748 670 quidem
766 586 902 669 videtur,
921 606 988 650 non
1006 585 1150 649 multum

138 680 300 763 discrepat
321 677 387 742 ista
409 675 599 742 const'tutio
618 675 814 760 religionum
833 697 853 740 a
869 674 999 760 legibus
1018 671 1179 738 Numaes

137 767 322 850 nostrisque
350 765 504 832 moribus.
539 764 588 830 M.
610 762 665 828 An
687 784 812 849 censes,
840 784 939 847 quom
961 761 1085 826 inillis
1110 761 1150 825 de

138 877 173 921 rc
191 855 323 940 publica
338 853 430 918 libris
445 852 638 938 persuadere
651 850 800 916 videatur
813 849 987 916 Africanus
1002 849 1150 915 omnium

138 965 246 1010 rerum
268 943 473 1028 publicarum
494 945 641 1005 nostram
664 943 806 1005 veterem
824 939 918 1004 illam
934 939 1036 1004 fuisse
1056 941 1150 1022 optu-

129 1053 236 1116 -mam,
253 1052 320 1096 non
336 1051 466 1096 necesso
485 1050 555 1094 esse
575 1031 729 1114 optumae
742 1029 790 1092 rei
803 1028 953 1114 publicae
966 1028 1058 1114 leges
1073 1027 1150 1092 dare

129 1119 395 1184 consentaneas?
421 1119 498 1184 Am.
510 1117 617 1182 Immo
630 1138 764 1202 prorsus
778 1117 827 1182 ita
840 1137 963 1182 censeo.
992 1117 1042 1182 M.
1056 1114 1149 1200 Ergo
1165 1133 1193 1172 ιο

133 1208 219 1272 adeo
246 1210 413 1292 expectate
439 1207 544 1290 leges,
572 1227 653 1290 quae
677 1226 778 1290 genus
801 1205 884 1269 11101
906 1203 1151 1290 optumumrei

138 1295 288 1381 publicae
311 1293 507 1376 contineant,
533 1297 574 1377 01,
598 1293 626 1357 01
649 1315 731 1376 quae
752 1293 839 1358 forto
862 1315 882 1358 a
904 1315 956 1358 mc
978 1291 1077 1357 hodie
1099 1313 1151 1356 ro

138 1383 316 1468 Ἰ1101000100,
350 1403 431 1467 quae
462 1401 529 1445 non
560 1381 627 1444 sint
655 1382 691 1445 in
722 1385 836 1446 nostra
866 1402 902 1445 re
928 1380 1062 1466 publica
1089 1402 1151 1446 nec

138 1470 273 1556 fuerint,
295 1473 406 1535 tamen
429 1473 524 1534 erunt
544 1469 613 1534 fere
635 1469 671 1533 in
693 1491 783 1534 more
805 1470 974 1554 maiorum,
997 1470 1055 1554 qui
1077 1473 1151 1534 tum

87 1571 121 1620 24
139 1564 177 1624 ut
203 1560 256 1624 lex
282 1559 422 1624 valebat.
454 1559 543 1624 .Αο0.
566 1555 671 1622 Suade
698 1558 813 1644 igitur,
842 1558 871 1622 si
896 1559 1020 1643 placet,
1048 1558 1192 1622 istam15

138 1649 244 1733 ipsam
264 1647 380 1734 legem,
402 1649 440 1712 01
458 1667 519 1732 ego
539 1645 726 1727 ‘unn1[ru]
746 1645 872 1712 aouss'
891 1647 1015 1731 possim
1035 1646 1150 1712 dicere.

139 1737 186 1800 M.
210 1735 277 1800 Ain
299 1735 452 1800 tandem?
479 1734 599 1818 Attice,
621 1755 688 1800 non
707 1755 742 1798 es
761 1734 904 1800 dicturus
924 1735 1044 1800 aliter?
1072 1735 1151 1801 Am.

139 1823 276 1888 Prorsus
305 1823 461 1889 maiorem
488 1823 618 1908 quidem
641 1845 711 1887 rem
733 1824 860 1888 nullam
882 1824 1020 1890 sciscam
1044 1823 1151 1907 aliter,

138 1912 174 1976 in
195 1912 389 1996 minoribus,
416 1912 570 1995 0100100,
593 1911 759 1976 remittam
782 1911 844 1976 hoc
867 1911 938 1976 tibi.
980 1912 1016 1993 Q.
1039 1911 1151 1996 Atque

139 2022 213 2065 mea
235 2000 363 2083 quidem
385 2002 489 2065 eodem
512 2000 673 2065 sententia
696 2003 753 2064 est.
789 2000 837 2065 M.
860 1998 920 2084 At,
947 2021 989 2064 nc
1012 2001 1151 2086 longum
1164 2020 1192 2060 ac

139 2088 211 2237 fiat,
237 2087 354 2239 011010.
398 2088 475 2154 Am.
497 2085 632 2152 Utinam
661 2087 804 2172 quidem!
834 2087 911 2172 quid
938 2089 1025 2154 enim
1052 2110 1151 2175 agere

15 2233 18 2254 ,
141 2197 194 2239 ma
208 2196 302 2239 umus
466 2191 469 2203 ‘

205 2263 254 2327 M.
277 2261 374 2328 Casta
396 2263 487 2328 iubet
509 2265 563 2329 lex
586 2264 673 2329 adire
692 2264 733 2328 ad
751 2263 838 2349 deos,
861 2265 969 2331 animo
988 2264 1151 2351 videlicet,

14 2411 18 2439 ,
139 2351 175 2416 in
202 2373 265 2435 quo
294 2355 369 2416 sunt
397 2352 521 2437 omnia3
548 2373 608 2418 nec
629 2352 720 2417 tollit
743 2353 970 2418 castimoniam
993 2355 1150 2441 corporis,
1232 2399 1239 2412 ·

140 2439 197 2504 sed
219 2439 281 2506 hoc
303 2444 434 2524 oportet
455 2440 617 2526 intellegi,
645 2453 743 2524 quom
765 2442 906 2506 multum
929 2440 1058 2507 animus
1082 2465 1149 2508 cor·
1164 2461 1190 2500 2⁵

140 2528 213 2613 pori
238 2533 383 2614 praestet
412 2529 677 2612 observeturque,
708 2532 746 2592 ut
776 2534 867 2595 casta
894 2551 1033 2615 corpora
1061 2531 1149 2595 adhi-

140 2616 292 2700 beantur,
321 2618 425 2682 multo
455 2637 525 2682 esse
551 2617 587 2680 in
614 2617 731 2682 animis
758 2616 792 2681 id
815 2617 1009 2684 servandum
1033 2619 1150 2704 magis,

139 2701 227 2768 Nam
251 2705 335 2769 illud
361 2705 414 2770 001
442 2704 628 2790 aspersione
656 2726 757 2790 aquae
784 2707 838 2771 001
865 2706 991 2772 dierum
1012 2727 1149 2772 numero
1246 2721 1247 2786 1

141 2791 283 2876 tollitu13
310 2793 411 2858 animi
438 2793 529 2857 labes
558 2815 617 2858 nec
640 2793 854 2860 diuturnitate
877 2816 1067 2860 evanescere
1089 2817 1150 2861 nec
1246 2793 1247 2888 1

88 2888 121 2938 aa
142 2878 289 2942 amnibus
317 2880 393 2944 ullis
421 2880 486 2945 elui
507 2884 626 2966 potest.
668 2879 759 2956 Quod
783 2886 892 2948 autem
913 2883 1072 2968 pietatem
1095 2884 1149 2949 ad·
1162 2901 1188 2942 ³0
1246 2895 1247 2934 1

140 2963 258 3048 hiberi,
282 2986 359 3048 opes
382 2970 525 3033 amoueri
547 2969 645 3054 iubet,
670 2969 833 3056 siguificat
854 2971 1053 3056 probitatem
1076 2994 1149 3058 gra·

140 3057 210 3118 tam
227 3072 297 3116 0000
316 3052 385 3137 (100,
404 3060 569 3150 sumptum
588 3077 658 3122 esse
676 3059 913 3124 removendum.
941 3057 1026 3135 Quid
1039 3061 1148 3126 enim?
1246 3073 1247 3122 3

140 3142 367 3226 paupertatem
395 3163 492 3225 quom
520 3142 642 3210 divitiis
671 3146 769 3210 etiam
787 3147 883 3212 inter
904 3145 1053 3212 homines
1078 3170 1148 3212 esse
1246 3141 1247 3222 Ῑ

141 3229 309 3312 aequalem
336 3228 487 3314 velimus,
514 3253 570 3297 cur
598 3255 668 3298 eam
696 3238 830 3318 sumptu
857 3235 897 3302 ad
921 3257 1013 3301 sacra
1037 3236 1148 3301 addito

141 3316 273 3380 deornm
305 3317 395 3383 aditu
427 3321 615 3386 arceamus?
646 3323 840 3406 pracsertim
872 3343 970 3408 quom
994 3323 1060 3408 ipsi
1088 3324 1148 3390 deo
1161 3341 1186 3383 ³⁵
1246 3343 1247 3418 1

140 3403 222 3467 nihil
250 3405 356 3470 minus
385 3411 516 3492 gratum
541 3407 688 3474 futurum
716 3410 759 3475 sit
787 3434 885 3495 quam
906 3433 973 3477 non
995 3412 1148 3477 omnibus
1246 3421 1247 3490 1

140 3493 252 3572 patere
284 3492 325 3557 ad
357 3514 391 3557 se
422 3495 615 3577 placandum
647 3502 680 3561 et
711 3499 881 3566 colendum
908 3499 1004 3567 viam.
1054 3499 1149 3575 Quod
1246 3501 1247 3559 1
