<?xml version="1.0" encoding="UTF-8"?>
<!DOCTYPE html PUBLIC "-//W3C//DTD XHTML 1.0 Transitional//EN"
    "http://www.w3.org/TR/xhtml1/DTD/xhtml1-transitional.dtd">
<html xmlns="http://www.w3.org/1999/xhtml" xml:lang="en" lang="en">
 <head>
  <title>
</title>
<meta http-equiv="Content-Type" content="text/html;charset=utf-8" />
  <meta name='ocr-system' content='tesseract 3.04.00' />
  <meta name='ocr-capabilities' content='ocr_page ocr_carea ocr_par ocr_line ocrx_word'/>
</head>
<body>
  <div class='ocr_page' id='page_1' title='image "./mtulliiciceroni03mlgoog_0277.png"; bbox 0 0 2452 3938; ppageno 0'>
   <div class='ocr_carea' id='block_1_1' title="bbox 193 181 853 249">
    <p class='ocr_par' dir='ltr' id='par_1_1' title="bbox 193 181 853 249">
     <span class='ocr_line' id='line_1_1' title="bbox 193 181 853 249; baseline 0.002 -13"><span class='ocrx_word' id='word_1_1' title='bbox 193 183 260 249; x_wconf 81' lang='grc'>226</span> <span class='ocrx_word' id='word_1_2' title='bbox 544 182 594 236; x_wconf 84' lang='grc' dir='ltr'>ΒΕ</span> <span class='ocrx_word' id='word_1_3' title='bbox 612 181 778 238; x_wconf 85' lang='lat' dir='ltr'>DIVINATI</span> <span class='ocrx_word' id='word_1_4' title='bbox 765 181 853 237; x_wconf 82' lang='lat' dir='ltr'>IONE</span> 
     </span>
    </p>
   </div>
   <div class='ocr_carea' id='block_1_2' title="bbox 45 324 1211 1046">
    <p class='ocr_par' dir='ltr' id='par_1_2' title="bbox 45 324 1211 1046">
     <span class='ocr_line' id='line_1_2' title="bbox 194 324 1211 413; baseline -0.001 -20"><span class='ocrx_word' id='word_1_5' title='bbox 194 327 270 393; x_wconf 80' lang='lat' dir='ltr'>tur?</span> <span class='ocrx_word' id='word_1_6' title='bbox 294 332 351 393; x_wconf 91' lang='lat' dir='ltr'>aut</span> <span class='ocrx_word' id='word_1_7' title='bbox 371 349 449 392; x_wconf 92' lang='lat' dir='ltr'>num</span> <span class='ocrx_word' id='word_1_8' title='bbox 472 326 668 413; x_wconf 87' lang='lat' dir='ltr'>plerisque</span> <span class='ocrx_word' id='word_1_9' title='bbox 658 347 693 390; x_wconf 92' lang='lat' dir='ltr'>m</span> <span class='ocrx_word' id='word_1_10' title='bbox 715 327 811 391; x_wconf 90' lang='lat' dir='ltr'>rebus</span> <span class='ocrx_word' id='word_1_11' title='bbox 835 327 983 410; x_wconf 86' lang='lat' dir='ltr'>sequitur</span> <span class='ocrx_word' id='word_1_12' title='bbox 1001 349 1112 394; x_wconf 87' lang='lat' dir='ltr'>eorum</span> <span class='ocrx_word' id='word_1_13' title='bbox 1129 324 1211 392; x_wconf 80' lang='lat' dir='ltr'>auc-l</span> 
     </span>
     <span class='ocr_line' id='line_1_3' title="bbox 194 413 1211 500; baseline 0 -20"><span class='ocrx_word' id='word_1_14' title='bbox 194 415 362 481; x_wconf 85' lang='lat' dir='ltr'>toritatem</span> <span class='ocrx_word' id='word_1_15' title='bbox 389 415 471 480; x_wconf 89' lang='lat' dir='ltr'>mult</span> <span class='ocrx_word' id='word_1_16' title='bbox 472 415 586 481; x_wconf 82' lang='lat' dir='ltr'>itudo?</span> <span class='ocrx_word' id='word_1_17' title='bbox 624 413 708 490; x_wconf 83' lang='lat' dir='ltr'>Quid</span> <span class='ocrx_word' id='word_1_18' title='bbox 739 415 858 480; x_wconf 91' lang='lat' dir='ltr'>mirum</span> <span class='ocrx_word' id='word_1_19' title='bbox 885 415 1001 500; x_wconf 89' lang='lat' dir='ltr'>igitur,</span> <span class='ocrx_word' id='word_1_20' title='bbox 1031 416 1121 481; x_wconf 90' lang='lat' dir='ltr'>siin</span> <span class='ocrx_word' id='word_1_21' title='bbox 1147 439 1211 480; x_wconf 87' lang='lat' dir='ltr'>au</span> 
     </span>
     <span class='ocr_line' id='line_1_4' title="bbox 195 501 1211 588; baseline 0 -20"><span class='ocrx_word' id='word_1_22' title='bbox 195 503 304 588; x_wconf 91' lang='lat' dir='ltr'>spiciis</span> <span class='ocrx_word' id='word_1_23' title='bbox 332 503 401 568; x_wconf 89' lang='lat' dir='ltr'>et</span> <span class='ocrx_word' id='word_1_24' title='bbox 391 523 427 568; x_wconf 91' lang='grc' dir='ltr'>ιιι</span> <span class='ocrx_word' id='word_1_25' title='bbox 453 503 542 568; x_wconf 92' lang='lat' dir='ltr'>omni</span> <span class='ocrx_word' id='word_1_26' title='bbox 569 501 767 568; x_wconf 73' lang='lat' dir='ltr'>divinatione</span> <span class='ocrx_word' id='word_1_27' title='bbox 794 502 940 568; x_wconf 81' lang='lat' dir='ltr'>inbecilli</span> <span class='ocrx_word' id='word_1_28' title='bbox 967 504 1069 568; x_wconf 89' lang='lat' dir='ltr'>animi</span> <span class='ocrx_word' id='word_1_29' title='bbox 1094 525 1211 588; x_wconf 91' lang='lat' dir='ltr'>super</span> 
     </span>
     <span class='ocr_line' id='line_1_5' title="bbox 195 583 1211 678; baseline -0.002 -20.967"><span class='ocrx_word' id='word_1_30' title='bbox 195 591 325 657; x_wconf 88' lang='lat' dir='ltr'>stitiosa</span> <span class='ocrx_word' id='word_1_31' title='bbox 346 591 412 656; x_wconf 85' lang='lat' dir='ltr'>ista</span> <span class='ocrx_word' id='word_1_32' title='bbox 434 590 627 675; x_wconf 79' lang='lat' dir='ltr'>concipiant,</span> <span class='ocrx_word' id='word_1_33' title='bbox 650 612 763 655; x_wconf 85' lang='lat' dir='ltr'>verum</span> <span class='ocrx_word' id='word_1_34' title='bbox 786 591 942 676; x_wconf 80' lang='lat' dir='ltr'>dispicere</span> <span class='ocrx_word' id='word_1_35' title='bbox 964 614 1030 657; x_wconf 93' lang='lat' dir='ltr'>non</span> <span class='ocrx_word' id='word_1_36' title='bbox 1053 583 1211 678; x_wconf 71' lang='lat' dir='ltr'>possiutll</span> 
     </span>
     <span class='ocr_line' id='line_1_6' title="bbox 45 678 1211 779; baseline 0 -35"><span class='ocrx_word' id='word_1_37' title='bbox 45 685 49 690; x_wconf 84' lang='grc'><strong>’</strong></span> <span class='ocrx_word' id='word_1_38' title='bbox 139 693 175 744; x_wconf 78' lang='lat'>82</span> <span class='ocrx_word' id='word_1_39' title='bbox 195 678 284 755; x_wconf 83' lang='lat' dir='ltr'>Quae</span> <span class='ocrx_word' id='word_1_40' title='bbox 307 681 363 745; x_wconf 89' lang='lat' dir='ltr'>aut</span> <span class='ocrx_word' id='word_1_41' title='bbox 365 699 416 744; x_wconf 89' lang='lat' dir='ltr'>em</span> <span class='ocrx_word' id='word_1_42' title='bbox 439 683 490 744; x_wconf 88' lang='lat' dir='ltr'>est</span> <span class='ocrx_word' id='word_1_43' title='bbox 507 679 593 744; x_wconf 89' lang='lat' dir='ltr'>inter</span> <span class='ocrx_word' id='word_1_44' title='bbox 611 698 749 763; x_wconf 80' lang='lat' dir='ltr'>augures</span> <span class='ocrx_word' id='word_1_45' title='bbox 767 678 961 779; x_wconf 82' lang='lat' dir='ltr'>conveniens</span> <span class='ocrx_word' id='word_1_46' title='bbox 981 683 1014 744; x_wconf 92' lang='lat' dir='ltr'>et</span> <span class='ocrx_word' id='word_1_47' title='bbox 1033 681 1211 764; x_wconf 68' lang='grc' dir='ltr'><strong>ιοιιιιιιιιιιι</strong></span> 
     </span>
     <span class='ocr_line' id='line_1_7' title="bbox 194 764 1211 852; baseline -0.003 -19"><span class='ocrx_word' id='word_1_48' title='bbox 194 770 345 833; x_wconf 89' lang='lat' dir='ltr'>constant</span> <span class='ocrx_word' id='word_1_49' title='bbox 330 767 399 832; x_wconf 79' lang='lat' dir='ltr'>tia?</span> <span class='ocrx_word' id='word_1_50' title='bbox 444 764 497 831; x_wconf 92' lang='lat' dir='ltr'>Ad</span> <span class='ocrx_word' id='word_1_51' title='bbox 527 766 635 832; x_wconf 88' lang='lat' dir='ltr'>nostri</span> <span class='ocrx_word' id='word_1_52' title='bbox 666 765 793 852; x_wconf 87' lang='lat' dir='ltr'>augurii</span> <span class='ocrx_word' id='word_1_53' title='bbox 824 772 958 833; x_wconf 87' lang='lat' dir='ltr'>consuet</span> <span class='ocrx_word' id='word_1_54' title='bbox 943 768 1092 834; x_wconf 89' lang='lat' dir='ltr'>tudinem</span> <span class='ocrx_word' id='word_1_55' title='bbox 1124 768 1211 832; x_wconf 87' lang='lat' dir='ltr'>dixit</span> 
     </span>
     <span class='ocr_line' id='line_1_8' title="bbox 193 855 332 922; baseline -0.014 0"><span class='ocrx_word' id='word_1_56' title='bbox 193 855 332 922; x_wconf 81' lang='lat' dir='ltr'>Ennius:</span> 
     </span>
     <span class='ocr_line' id='line_1_9' title="bbox 238 960 1191 1046; baseline 0 -21"><span class='ocrx_word' id='word_1_57' title='bbox 238 960 330 1027; x_wconf 83' lang='lat' dir='ltr'>Tum</span> <span class='ocrx_word' id='word_1_58' title='bbox 353 960 483 1027; x_wconf 92' lang='lat' dir='ltr'>tonuit</span> <span class='ocrx_word' id='word_1_59' title='bbox 506 961 657 1027; x_wconf 85' lang='lat' dir='ltr'>laevum</span> <span class='ocrx_word' id='word_1_60' title='bbox 680 962 775 1027; x_wconf 89' lang='lat' dir='ltr'>bene</span> <span class='ocrx_word' id='word_1_61' title='bbox 798 964 1037 1046; x_wconf 72' lang='lat' dir='ltr'>tempestate</span> <span class='ocrx_word' id='word_1_62' title='bbox 1061 983 1191 1028; x_wconf 87' lang='lat' dir='ltr'>serena.</span> 
     </span>
    </p>
   </div>
   <div class='ocr_carea' id='block_1_3' title="bbox 194 1064 1208 1238">
    <p class='ocr_par' dir='ltr' id='par_1_3' title="bbox 194 1064 1208 1238">
     <span class='ocr_line' id='line_1_10' title="bbox 194 1064 1191 1151; baseline -0.001 -18"><span class='ocrx_word' id='word_1_63' title='bbox 194 1067 241 1133; x_wconf 86' lang='lat' dir='ltr'>At</span> <span class='ocrx_word' id='word_1_64' title='bbox 263 1067 454 1132; x_wconf 88' lang='lat' dir='ltr'>Homericus</span> <span class='ocrx_word' id='word_1_65' title='bbox 477 1064 562 1132; x_wconf 83' lang='lat' dir='ltr'>Aiax</span> <span class='ocrx_word' id='word_1_66' title='bbox 590 1067 676 1151; x_wconf 90' lang='lat' dir='ltr'>apud</span> <span class='ocrx_word' id='word_1_67' title='bbox 698 1065 862 1132; x_wconf 89' lang='lat' dir='ltr'>Achillem</span> <span class='ocrx_word' id='word_1_68' title='bbox 890 1087 1029 1150; x_wconf 90' lang='lat' dir='ltr'>querens</span> <span class='ocrx_word' id='word_1_69' title='bbox 1059 1068 1098 1132; x_wconf 89' lang='lat' dir='ltr'>de</span> <span class='ocrx_word' id='word_1_70' title='bbox 1124 1068 1191 1132; x_wconf 90' lang='lat' dir='ltr'>fero-</span> 
     </span>
     <span class='ocr_line' id='line_1_11' title="bbox 194 1153 1208 1238; baseline -0.003 -17"><span class='ocrx_word' id='word_1_71' title='bbox 194 1155 293 1222; x_wconf 90' lang='lat' dir='ltr'>citate</span> <span class='ocrx_word' id='word_1_72' title='bbox 316 1153 529 1220; x_wconf 80' lang='lat' dir='ltr'>Troianorum</span> <span class='ocrx_word' id='word_1_73' title='bbox 552 1154 660 1220; x_wconf 92' lang='lat' dir='ltr'>nescio</span> <span class='ocrx_word' id='word_1_74' title='bbox 685 1154 761 1238; x_wconf 90' lang='lat' dir='ltr'>quid</span> <span class='ocrx_word' id='word_1_75' title='bbox 783 1154 846 1219; x_wconf 92' lang='lat' dir='ltr'>hoc</span> <span class='ocrx_word' id='word_1_76' title='bbox 868 1154 964 1220; x_wconf 93' lang='lat' dir='ltr'>modo</span> <span class='ocrx_word' id='word_1_77' title='bbox 988 1156 1134 1220; x_wconf 90' lang='lat' dir='ltr'>nuntiat:</span> <span class='ocrx_word' id='word_1_78' title='bbox 1201 1171 1208 1209; x_wconf 90' lang='lat'><strong>¹</strong></span> 
     </span>
    </p>
   </div>
   <div class='ocr_carea' id='block_1_4' title="bbox 236 1259 1191 1346">
    <p class='ocr_par' dir='ltr' id='par_1_4' title="bbox 236 1259 1191 1346">
     <span class='ocr_line' id='line_1_12' title="bbox 236 1259 1191 1346; baseline 0 -23"><span class='ocrx_word' id='word_1_79' title='bbox 236 1259 429 1346; x_wconf 88' lang='lat' dir='ltr'>Prospera</span> <span class='ocrx_word' id='word_1_80' title='bbox 442 1259 621 1345; x_wconf 90' lang='lat' dir='ltr'>Iuppiter</span> <span class='ocrx_word' id='word_1_81' title='bbox 638 1260 697 1324; x_wconf 87' lang='lat' dir='ltr'>his</span> <span class='ocrx_word' id='word_1_82' title='bbox 713 1261 860 1326; x_wconf 86' lang='lat' dir='ltr'>dextris</span> <span class='ocrx_word' id='word_1_83' title='bbox 874 1260 1104 1346; x_wconf 84' lang='lat' dir='ltr'>fulgoribus</span> <span class='ocrx_word' id='word_1_84' title='bbox 1118 1262 1191 1326; x_wconf 85' lang='lat' dir='ltr'>edit.</span> 
     </span>
    </p>
   </div>
   <div class='ocr_carea' id='block_1_5' title="bbox 140 1381 1211 3576">
    <p class='ocr_par' dir='ltr' id='par_1_5' title="bbox 193 1381 1205 1734">
     <span class='ocr_line' id='line_1_13' title="bbox 193 1381 1192 1468; baseline -0.001 -19"><span class='ocrx_word' id='word_1_85' title='bbox 193 1383 246 1448; x_wconf 91' lang='lat' dir='ltr'>Ita</span> <span class='ocrx_word' id='word_1_86' title='bbox 258 1382 353 1448; x_wconf 89' lang='lat' dir='ltr'>nobis</span> <span class='ocrx_word' id='word_1_87' title='bbox 368 1381 500 1446; x_wconf 89' lang='lat' dir='ltr'>sinistra</span> <span class='ocrx_word' id='word_1_88' title='bbox 513 1382 672 1468; x_wconf 84' lang='lat' dir='ltr'>videntur,</span> <span class='ocrx_word' id='word_1_89' title='bbox 687 1381 793 1448; x_wconf 81' lang='lat' dir='ltr'>Graiis</span> <span class='ocrx_word' id='word_1_90' title='bbox 807 1385 841 1447; x_wconf 90' lang='lat' dir='ltr'>et</span> <span class='ocrx_word' id='word_1_91' title='bbox 854 1383 1005 1448; x_wconf 89' lang='lat' dir='ltr'>barbaris</span> <span class='ocrx_word' id='word_1_92' title='bbox 1016 1385 1192 1450; x_wconf 79' lang='lat' dir='ltr'>dextrane</span> 
     </span>
     <span class='ocr_line' id='line_1_14' title="bbox 194 1468 1190 1558; baseline 0 -22"><span class='ocrx_word' id='word_1_93' title='bbox 194 1473 285 1537; x_wconf 89' lang='lat' dir='ltr'>liora.</span> <span class='ocrx_word' id='word_1_94' title='bbox 313 1468 516 1555; x_wconf 90' lang='lat' dir='ltr'>Quamquam</span> <span class='ocrx_word' id='word_1_95' title='bbox 532 1470 620 1536; x_wconf 88' lang='lat' dir='ltr'>haud</span> <span class='ocrx_word' id='word_1_96' title='bbox 632 1472 758 1558; x_wconf 88' lang='lat' dir='ltr'>ignoro,</span> <span class='ocrx_word' id='word_1_97' title='bbox 777 1492 859 1555; x_wconf 87' lang='lat' dir='ltr'>quae</span> <span class='ocrx_word' id='word_1_98' title='bbox 873 1470 961 1536; x_wconf 89' lang='lat' dir='ltr'>bona</span> <span class='ocrx_word' id='word_1_99' title='bbox 975 1471 1053 1556; x_wconf 89' lang='lat' dir='ltr'>sint,</span> <span class='ocrx_word' id='word_1_100' title='bbox 1073 1474 1190 1538; x_wconf 89' lang='lat' dir='ltr'>sinistra</span> 
     </span>
     <span class='ocr_line' id='line_1_15' title="bbox 193 1558 1190 1642; baseline -0.002 -16"><span class='ocrx_word' id='word_1_101' title='bbox 193 1581 254 1626; x_wconf 90' lang='lat' dir='ltr'>nos</span> <span class='ocrx_word' id='word_1_102' title='bbox 277 1558 390 1642; x_wconf 88' lang='lat' dir='ltr'>dicere,</span> <span class='ocrx_word' id='word_1_103' title='bbox 414 1558 543 1623; x_wconf 90' lang='lat' dir='ltr'>etiamsi</span> <span class='ocrx_word' id='word_1_104' title='bbox 566 1558 679 1624; x_wconf 88' lang='lat' dir='ltr'>dextra</span> <span class='ocrx_word' id='word_1_105' title='bbox 702 1559 781 1642; x_wconf 80' lang='lat' dir='ltr'>sint3</span> <span class='ocrx_word' id='word_1_106' title='bbox 811 1558 868 1624; x_wconf 91' lang='lat' dir='ltr'>sed</span> <span class='ocrx_word' id='word_1_107' title='bbox 890 1562 976 1624; x_wconf 91' lang='lat' dir='ltr'>certe</span> <span class='ocrx_word' id='word_1_108' title='bbox 998 1562 1109 1626; x_wconf 87' lang='lat' dir='ltr'>nostri</span> <span class='ocrx_word' id='word_1_109' title='bbox 1130 1560 1190 1626; x_wconf 85' lang='lat' dir='ltr'>sini·</span> 
     </span>
     <span class='ocr_line' id='line_1_16' title="bbox 195 1646 1205 1734; baseline 0 -20"><span class='ocrx_word' id='word_1_110' title='bbox 195 1653 299 1714; x_wconf 88' lang='lat' dir='ltr'>strum</span> <span class='ocrx_word' id='word_1_111' title='bbox 316 1646 566 1712; x_wconf 85' lang='lat' dir='ltr'>nominaverunt</span> <span class='ocrx_word' id='word_1_112' title='bbox 584 1647 769 1731; x_wconf 88' lang='lat' dir='ltr'>externique</span> <span class='ocrx_word' id='word_1_113' title='bbox 789 1646 948 1732; x_wconf 90' lang='lat' dir='ltr'>dextrum,</span> <span class='ocrx_word' id='word_1_114' title='bbox 969 1648 1049 1731; x_wconf 87' lang='lat' dir='ltr'>quia</span> <span class='ocrx_word' id='word_1_115' title='bbox 1067 1650 1189 1734; x_wconf 86' lang='lat' dir='ltr'>plerum</span> <span class='ocrx_word' id='word_1_116' title='bbox 1199 1663 1205 1700; x_wconf 87' lang='lat'>¹</span> 
     </span>
    </p>

    <p class='ocr_par' dir='ltr' id='par_1_6' title="bbox 140 1734 1189 2170">
     <span class='ocr_line' id='line_1_17' title="bbox 140 1734 1188 1822; baseline 0.002 -24"><span class='ocrx_word' id='word_1_117' title='bbox 140 1747 176 1798; x_wconf 82' lang='lat'>83</span> <span class='ocrx_word' id='word_1_118' title='bbox 196 1758 257 1822; x_wconf 89' lang='lat' dir='ltr'>que</span> <span class='ocrx_word' id='word_1_119' title='bbox 284 1735 318 1800; x_wconf 91' lang='lat' dir='ltr'>id</span> <span class='ocrx_word' id='word_1_120' title='bbox 340 1734 456 1800; x_wconf 84' lang='lat' dir='ltr'>melius</span> <span class='ocrx_word' id='word_1_121' title='bbox 479 1734 610 1800; x_wconf 85' lang='lat' dir='ltr'>videbat</span> <span class='ocrx_word' id='word_1_122' title='bbox 596 1739 658 1800; x_wconf 89' lang='lat' dir='ltr'>tur</span> <span class='ocrx_word' id='word_1_123' title='bbox 698 1734 788 1800; x_wconf 87' lang='lat' dir='ltr'>Haec</span> <span class='ocrx_word' id='word_1_124' title='bbox 811 1739 934 1819; x_wconf 89' lang='lat' dir='ltr'>quanta</span> <span class='ocrx_word' id='word_1_125' title='bbox 957 1735 1188 1802; x_wconf 89' lang='lat' dir='ltr'>dissensio</span> <span class='ocrx_word' id='word_1_126' title='bbox 1141 1739 1188 1800; x_wconf 86' lang='lat' dir='ltr'>est.</span> 
     </span>
     <span class='ocr_line' id='line_1_18' title="bbox 194 1822 1189 1910; baseline -0.005 -21"><span class='ocrx_word' id='word_1_127' title='bbox 194 1824 299 1900; x_wconf 78' lang='lat' dir='ltr'>Quid?</span> <span class='ocrx_word' id='word_1_128' title='bbox 330 1823 415 1907; x_wconf 91' lang='lat' dir='ltr'>quod</span> <span class='ocrx_word' id='word_1_129' title='bbox 443 1822 515 1888; x_wconf 89' lang='lat' dir='ltr'>aliis</span> <span class='ocrx_word' id='word_1_130' title='bbox 544 1823 658 1888; x_wconf 85' lang='lat' dir='ltr'>avibus</span> <span class='ocrx_word' id='word_1_131' title='bbox 686 1826 836 1906; x_wconf 87' lang='lat' dir='ltr'>utuntur,</span> <span class='ocrx_word' id='word_1_132' title='bbox 864 1823 987 1887; x_wconf 90' lang='lat' dir='ltr'>aliis</span> <span class='ocrx_word' id='word_1_133' title='bbox 961 1825 1082 1910; x_wconf 92' lang='lat' dir='ltr'>s1gnis,</span> <span class='ocrx_word' id='word_1_134' title='bbox 1110 1825 1189 1889; x_wconf 87' lang='lat' dir='ltr'>aliter</span> 
     </span>
     <span class='ocr_line' id='line_1_19' title="bbox 194 1909 1189 1995; baseline -0.004 -18"><span class='ocrx_word' id='word_1_135' title='bbox 194 1912 382 1995; x_wconf 87' lang='lat' dir='ltr'>observant,</span> <span class='ocrx_word' id='word_1_136' title='bbox 417 1911 482 1975; x_wconf 91' lang='lat' dir='ltr'>alia</span> <span class='ocrx_word' id='word_1_137' title='bbox 516 1909 725 1995; x_wconf 89' lang='lat' dir='ltr'>respondent,</span> <span class='ocrx_word' id='word_1_138' title='bbox 761 1932 828 1976; x_wconf 91' lang='lat' dir='ltr'>non</span> <span class='ocrx_word' id='word_1_139' title='bbox 860 1931 991 1976; x_wconf 89' lang='lat' dir='ltr'>necesse</span> <span class='ocrx_word' id='word_1_140' title='bbox 1022 1917 1076 1977; x_wconf 92' lang='lat' dir='ltr'>est</span> <span class='ocrx_word' id='word_1_141' title='bbox 1108 1912 1153 1976; x_wconf 88' lang='lat' dir='ltr'>fat</span> <span class='ocrx_word' id='word_1_142' title='bbox 1140 1910 1189 1975; x_wconf 84' lang='lat' dir='ltr'>teri</span> 
     </span>
     <span class='ocr_line' id='line_1_20' title="bbox 192 1960 1189 2101; baseline -0.005 -36"><span class='ocrx_word' id='word_1_143' title='bbox 192 1999 281 2101; x_wconf 76' lang='lat' dir='ltr'>parti</span> <span class='ocrx_word' id='word_1_144' title='bbox 269 2022 315 2064; x_wconf 82' lang='lat' dir='ltr'>xm</span> <span class='ocrx_word' id='word_1_145' title='bbox 341 1960 459 2063; x_wconf 84' lang='lat' dir='ltr'>hdrum</span> <span class='ocrx_word' id='word_1_146' title='bbox 486 2020 594 2064; x_wconf 88' lang='lat' dir='ltr'>errore</span> <span class='ocrx_word' id='word_1_147' title='bbox 622 2002 808 2084; x_wconf 88' lang='lat' dir='ltr'>susceptum</span> <span class='ocrx_word' id='word_1_148' title='bbox 835 2019 919 2082; x_wconf 89' lang='lat' dir='ltr'>esse,</span> <span class='ocrx_word' id='word_1_149' title='bbox 946 1999 1073 2084; x_wconf 84' lang='lat' dir='ltr'>partim</span> <span class='ocrx_word' id='word_1_150' title='bbox 1096 2020 1189 2084; x_wconf 87' lang='lat' dir='ltr'>super-</span> 
     </span>
     <span class='ocr_line' id='line_1_21' title="bbox 194 2085 652 2170; baseline -0.002 -18"><span class='ocrx_word' id='word_1_151' title='bbox 194 2086 337 2170; x_wconf 89' lang='lat' dir='ltr'>stitione,</span> <span class='ocrx_word' id='word_1_152' title='bbox 359 2086 465 2151; x_wconf 87' lang='lat' dir='ltr'>multa</span> <span class='ocrx_word' id='word_1_153' title='bbox 485 2085 652 2152; x_wconf 81' lang='lat' dir='ltr'>fallendo?</span> 
     </span>
    </p>

    <p class='ocr_par' dir='ltr' id='par_1_7' title="bbox 141 2173 1189 3138">
     <span class='ocr_line' id='line_1_22' title="bbox 141 2173 1189 2259; baseline -0.003 -21"><span class='ocrx_word' id='word_1_154' title='bbox 141 2174 184 2238; x_wconf 89' lang='grc'>40</span> <span class='ocrx_word' id='word_1_155' title='bbox 250 2173 359 2258; x_wconf 87' lang='lat' dir='ltr'>Atque</span> <span class='ocrx_word' id='word_1_156' title='bbox 371 2174 423 2241; x_wconf 92' lang='lat' dir='ltr'>bis</span> <span class='ocrx_word' id='word_1_157' title='bbox 438 2174 721 2259; x_wconf 87' lang='lat' dir='ltr'>superstitionibus</span> <span class='ocrx_word' id='word_1_158' title='bbox 734 2195 800 2238; x_wconf 91' lang='lat' dir='ltr'>non</span> <span class='ocrx_word' id='word_1_159' title='bbox 814 2173 971 2239; x_wconf 86' lang='lat' dir='ltr'>dubitasti</span> <span class='ocrx_word' id='word_1_160' title='bbox 980 2174 1084 2241; x_wconf 87' lang='lat' dir='ltr'>etiam</span> <span class='ocrx_word' id='word_1_161' title='bbox 1093 2174 1189 2240; x_wconf 88' lang='lat' dir='ltr'>omina</span> 
     </span>
     <span class='ocr_line' id='line_1_23' title="bbox 194 2261 1188 2348; baseline -0.008 -19"><span class='ocrx_word' id='word_1_162' title='bbox 194 2261 376 2348; x_wconf 86' lang='lat' dir='ltr'>adiungere.</span> <span class='ocrx_word' id='word_1_163' title='bbox 412 2261 554 2327; x_wconf 88' lang='lat' dir='ltr'>Aemilia</span> <span class='ocrx_word' id='word_1_164' title='bbox 571 2261 674 2327; x_wconf 90' lang='lat' dir='ltr'>Paulo</span> <span class='ocrx_word' id='word_1_165' title='bbox 692 2261 825 2326; x_wconf 90' lang='lat' dir='ltr'>Persam</span> <span class='ocrx_word' id='word_1_166' title='bbox 848 2262 980 2346; x_wconf 90' lang='lat' dir='ltr'>perisse,</span> <span class='ocrx_word' id='word_1_167' title='bbox 1003 2264 1092 2348; x_wconf 92' lang='lat' dir='ltr'>quod</span> <span class='ocrx_word' id='word_1_168' title='bbox 1109 2265 1188 2348; x_wconf 88' lang='lat' dir='ltr'>pater</span> 
     </span>
     <span class='ocr_line' id='line_1_24' title="bbox 194 2348 1187 2435; baseline -0.006 -19"><span class='ocrx_word' id='word_1_169' title='bbox 194 2373 290 2416; x_wconf 91' lang='lat' dir='ltr'>omen</span> <span class='ocrx_word' id='word_1_170' title='bbox 321 2351 458 2435; x_wconf 80' lang='lat' dir='ltr'>accepit3</span> <span class='ocrx_word' id='word_1_171' title='bbox 490 2348 633 2416; x_wconf 75' lang='lat' dir='ltr'>Caecilia</span> <span class='ocrx_word' id='word_1_172' title='bbox 665 2371 699 2414; x_wconf 89' lang='lat' dir='ltr'>se</span> <span class='ocrx_word' id='word_1_173' title='bbox 731 2349 851 2414; x_wconf 86' lang='lat' dir='ltr'>sororis</span> <span class='ocrx_word' id='word_1_174' title='bbox 882 2350 969 2414; x_wconf 90' lang='lat' dir='ltr'>filiae</span> <span class='ocrx_word' id='word_1_175' title='bbox 1003 2352 1097 2416; x_wconf 90' lang='lat' dir='ltr'>sedes</span> <span class='ocrx_word' id='word_1_176' title='bbox 1126 2369 1187 2414; x_wconf 87' lang='lat' dir='ltr'>suas</span> 
     </span>
     <span class='ocr_line' id='line_1_25' title="bbox 194 2436 1188 2523; baseline -0.005 -19"><span class='ocrx_word' id='word_1_177' title='bbox 194 2438 330 2504; x_wconf 86' lang='lat' dir='ltr'>tradere.</span> <span class='ocrx_word' id='word_1_178' title='bbox 374 2436 446 2503; x_wconf 89' lang='lat' dir='ltr'>Iam</span> <span class='ocrx_word' id='word_1_179' title='bbox 476 2437 549 2502; x_wconf 91' lang='lat' dir='ltr'>illa:</span> <span class='ocrx_word' id='word_1_180' title='bbox 580 2436 722 2503; x_wconf 85' lang='lat' dir='ltr'>Favete</span> <span class='ocrx_word' id='word_1_181' title='bbox 753 2437 900 2523; x_wconf 86' lang='lat' dir='ltr'>linguis</span> <span class='ocrx_word' id='word_1_182' title='bbox 931 2442 964 2501; x_wconf 90' lang='lat' dir='ltr'>et</span> <span class='ocrx_word' id='word_1_183' title='bbox 993 2458 1188 2522; x_wconf 89' lang='lat' dir='ltr'>praeroga-</span> 
     </span>
     <span class='ocr_line' id='line_1_26' title="bbox 194 2524 1187 2626; baseline -0.005 -34"><span class='ocrx_word' id='word_1_184' title='bbox 194 2528 326 2610; x_wconf 79' lang='lat' dir='ltr'>tivam,</span> <span class='ocrx_word' id='word_1_185' title='bbox 346 2546 453 2592; x_wconf 91' lang='lat' dir='ltr'>omen</span> <span class='ocrx_word' id='word_1_186' title='bbox 471 2526 725 2591; x_wconf 88' lang='lat' dir='ltr'>comitiorum.</span> <span class='ocrx_word' id='word_1_187' title='bbox 752 2524 824 2590; x_wconf 91' lang='lat' dir='ltr'>Hoc</span> <span class='ocrx_word' id='word_1_188' title='bbox 843 2529 894 2589; x_wconf 89' lang='lat' dir='ltr'>est</span> <span class='ocrx_word' id='word_1_189' title='bbox 911 2525 1019 2626; x_wconf 85' lang='lat' dir='ltr'>ipsum</span> <span class='ocrx_word' id='word_1_190' title='bbox 1038 2548 1110 2592; x_wconf 88' lang='lat' dir='ltr'>esse</span> <span class='ocrx_word' id='word_1_191' title='bbox 1128 2546 1187 2590; x_wconf 90' lang='lat' dir='ltr'>con·</span> 
     </span>
     <span class='ocr_line' id='line_1_27' title="bbox 193 2611 1187 2714; baseline -0.007 -33"><span class='ocrx_word' id='word_1_192' title='bbox 193 2620 247 2681; x_wconf 89' lang='lat' dir='ltr'>tra</span> <span class='ocrx_word' id='word_1_193' title='bbox 273 2637 308 2680; x_wconf 88' lang='lat' dir='ltr'>se</span> <span class='ocrx_word' id='word_1_194' title='bbox 335 2614 502 2714; x_wconf 84' lang='lat' dir='ltr'>copiosum</span> <span class='ocrx_word' id='word_1_195' title='bbox 526 2618 559 2678; x_wconf 86' lang='lat' dir='ltr'>et</span> <span class='ocrx_word' id='word_1_196' title='bbox 581 2614 681 2678; x_wconf 89' lang='lat' dir='ltr'>disert</span> <span class='ocrx_word' id='word_1_197' title='bbox 667 2617 745 2678; x_wconf 90' lang='lat' dir='ltr'>tum.</span> <span class='ocrx_word' id='word_1_198' title='bbox 791 2611 925 2694; x_wconf 78' lang='lat' dir='ltr'>Quando</span> <span class='ocrx_word' id='word_1_199' title='bbox 949 2613 1035 2678; x_wconf 89' lang='lat' dir='ltr'>enim</span> <span class='ocrx_word' id='word_1_200' title='bbox 1058 2615 1124 2679; x_wconf 89' lang='lat' dir='ltr'>ista</span> <span class='ocrx_word' id='word_1_201' title='bbox 1144 2612 1187 2675; x_wconf 89' lang='lat' dir='ltr'>ot·</span> 
     </span>
     <span class='ocr_line' id='line_1_28' title="bbox 194 2700 1187 2791; baseline -0.009 -22"><span class='ocrx_word' id='word_1_202' title='bbox 194 2724 326 2769; x_wconf 84' lang='lat' dir='ltr'>servans</span> <span class='ocrx_word' id='word_1_203' title='bbox 346 2701 455 2791; x_wconf 84' lang='lat' dir='ltr'>quicto</span> <span class='ocrx_word' id='word_1_204' title='bbox 474 2705 507 2767; x_wconf 90' lang='lat' dir='ltr'>et</span> <span class='ocrx_word' id='word_1_205' title='bbox 525 2701 628 2766; x_wconf 85' lang='lat' dir='ltr'>libero</span> <span class='ocrx_word' id='word_1_206' title='bbox 648 2700 755 2766; x_wconf 89' lang='lat' dir='ltr'>animo</span> <span class='ocrx_word' id='word_1_207' title='bbox 775 2721 844 2766; x_wconf 88' lang='lat' dir='ltr'>esse</span> <span class='ocrx_word' id='word_1_208' title='bbox 862 2701 994 2785; x_wconf 86' lang='lat' dir='ltr'>poteris,</span> <span class='ocrx_word' id='word_1_209' title='bbox 1016 2705 1056 2767; x_wconf 91' lang='lat' dir='ltr'>ut</span> <span class='ocrx_word' id='word_1_210' title='bbox 1073 2702 1114 2766; x_wconf 86' lang='lat' dir='ltr'>ad</span> <span class='ocrx_word' id='word_1_211' title='bbox 1130 2719 1187 2764; x_wconf 87' lang='lat' dir='ltr'>ren</span> 
     </span>
     <span class='ocr_line' id='line_1_29' title="bbox 195 2787 1186 2876; baseline -0.007 -21"><span class='ocrx_word' id='word_1_212' title='bbox 195 2787 373 2876; x_wconf 87' lang='lat' dir='ltr'>gerendam</span> <span class='ocrx_word' id='word_1_213' title='bbox 399 2812 466 2855; x_wconf 92' lang='lat' dir='ltr'>non</span> <span class='ocrx_word' id='word_1_214' title='bbox 496 2792 639 2875; x_wconf 83' lang='lat' dir='ltr'>superstr</span> <span class='ocrx_word' id='word_1_215' title='bbox 630 2789 761 2854; x_wconf 90' lang='lat' dir='ltr'>tionem</span> <span class='ocrx_word' id='word_1_216' title='bbox 788 2788 923 2872; x_wconf 88' lang='lat' dir='ltr'>habeas,</span> <span class='ocrx_word' id='word_1_217' title='bbox 955 2789 1012 2854; x_wconf 91' lang='lat' dir='ltr'>sed</span> <span class='ocrx_word' id='word_1_218' title='bbox 1038 2790 1186 2855; x_wconf 88' lang='lat' dir='ltr'>rationem</span> 
     </span>
     <span class='ocr_line' id='line_1_30' title="bbox 195 2876 1186 2962; baseline -0.003 -20"><span class='ocrx_word' id='word_1_219' title='bbox 195 2878 329 2942; x_wconf 76' lang='lat' dir='ltr'>ducem?</span> <span class='ocrx_word' id='word_1_220' title='bbox 365 2877 480 2943; x_wconf 84' lang='lat' dir='ltr'>Itane?</span> <span class='ocrx_word' id='word_1_221' title='bbox 510 2877 539 2944; x_wconf 86' lang='lat' dir='ltr'>si</span> <span class='ocrx_word' id='word_1_222' title='bbox 569 2877 641 2961; x_wconf 89' lang='lat' dir='ltr'>quis</span> <span class='ocrx_word' id='word_1_223' title='bbox 671 2876 794 2960; x_wconf 91' lang='lat' dir='ltr'>aliquid</span> <span class='ocrx_word' id='word_1_224' title='bbox 821 2898 860 2940; x_wconf 90' lang='lat' dir='ltr'>ex</span> <span class='ocrx_word' id='word_1_225' title='bbox 888 2898 946 2940; x_wconf 88' lang='lat' dir='ltr'>sua</span> <span class='ocrx_word' id='word_1_226' title='bbox 972 2899 1008 2941; x_wconf 86' lang='lat' dir='ltr'>re</span> <span class='ocrx_word' id='word_1_227' title='bbox 1035 2881 1132 2962; x_wconf 84' lang='lat' dir='ltr'>atque</span> <span class='ocrx_word' id='word_1_228' title='bbox 1156 2893 1186 2937; x_wconf 79' lang='lat' dir='ltr'>ex</span> 
     </span>
     <span class='ocr_line' id='line_1_31' title="bbox 195 2964 1185 3049; baseline -0.006 -20"><span class='ocrx_word' id='word_1_229' title='bbox 195 2987 252 3029; x_wconf 89' lang='lat' dir='ltr'>suo</span> <span class='ocrx_word' id='word_1_230' title='bbox 281 2986 428 3030; x_wconf 89' lang='lat' dir='ltr'>sermone</span> <span class='ocrx_word' id='word_1_231' title='bbox 454 2964 571 3031; x_wconf 89' lang='lat' dir='ltr'>dixerit</span> <span class='ocrx_word' id='word_1_232' title='bbox 556 2969 627 3032; x_wconf 90' lang='lat' dir='ltr'>tet</span> <span class='ocrx_word' id='word_1_233' title='bbox 649 2965 717 3030; x_wconf 88' lang='lat' dir='ltr'>eius</span> <span class='ocrx_word' id='word_1_234' title='bbox 739 2965 875 3030; x_wconf 84' lang='lat' dir='ltr'>verbum</span> <span class='ocrx_word' id='word_1_235' title='bbox 897 2964 1030 3048; x_wconf 83' lang='lat' dir='ltr'>aliquod</span> <span class='ocrx_word' id='word_1_236' title='bbox 1053 2969 1127 3049; x_wconf 90' lang='lat' dir='ltr'>apte</span> <span class='ocrx_word' id='word_1_237' title='bbox 1148 2981 1185 3025; x_wconf 87' lang='lat' dir='ltr'>ce</span> 
     </span>
     <span class='ocr_line' id='line_1_32' title="bbox 194 3050 1186 3138; baseline -0.01 -19"><span class='ocrx_word' id='word_1_238' title='bbox 194 3052 308 3119; x_wconf 88' lang='lat' dir='ltr'>ciderit</span> <span class='ocrx_word' id='word_1_239' title='bbox 331 3051 435 3135; x_wconf 89' lang='lat' dir='ltr'>adid,</span> <span class='ocrx_word' id='word_1_240' title='bbox 458 3053 544 3138; x_wconf 90' lang='lat' dir='ltr'>quod</span> <span class='ocrx_word' id='word_1_241' title='bbox 567 3073 644 3138; x_wconf 92' lang='lat' dir='ltr'>ages</span> <span class='ocrx_word' id='word_1_242' title='bbox 668 3055 725 3117; x_wconf 89' lang='lat' dir='ltr'>aut</span> <span class='ocrx_word' id='word_1_243' title='bbox 743 3051 912 3138; x_wconf 83' lang='lat' dir='ltr'>cogitabis,</span> <span class='ocrx_word' id='word_1_244' title='bbox 935 3073 1043 3116; x_wconf 87' lang='lat' dir='ltr'>cares</span> <span class='ocrx_word' id='word_1_245' title='bbox 1060 3051 1122 3116; x_wconf 91' lang='lat' dir='ltr'>tibi</span> <span class='ocrx_word' id='word_1_246' title='bbox 1140 3050 1186 3113; x_wconf 89' lang='lat' dir='ltr'>aut</span> 
     </span>
    </p>

    <p class='ocr_par' dir='ltr' id='par_1_8' title="bbox 141 3138 1211 3576">
     <span class='ocr_line' id='line_1_33' title="bbox 141 3138 1185 3206; baseline -0.004 -6"><span class='ocrx_word' id='word_1_247' title='bbox 141 3152 176 3200; x_wconf 84' lang='lat'>84</span> <span class='ocrx_word' id='word_1_248' title='bbox 194 3141 345 3206; x_wconf 89' lang='lat' dir='ltr'>timorem</span> <span class='ocrx_word' id='word_1_249' title='bbox 377 3138 501 3205; x_wconf 86' lang='lat' dir='ltr'>adferet</span> <span class='ocrx_word' id='word_1_250' title='bbox 532 3144 589 3205; x_wconf 90' lang='lat' dir='ltr'>aut</span> <span class='ocrx_word' id='word_1_251' title='bbox 621 3140 845 3206; x_wconf 79' lang='lat' dir='ltr'>alacritatem?</span> <span class='ocrx_word' id='word_1_252' title='bbox 882 3138 963 3205; x_wconf 80' lang='lat' dir='ltr'>Cum</span> <span class='ocrx_word' id='word_1_253' title='bbox 989 3139 1033 3204; x_wconf 93' lang='lat' dir='ltr'>M.</span> <span class='ocrx_word' id='word_1_254' title='bbox 1060 3138 1185 3205; x_wconf 81' lang='lat' dir='ltr'>Crassus</span> 
     </span>
     <span class='ocr_line' id='line_1_34' title="bbox 195 3225 1184 3313; baseline -0.009 -18"><span class='ocrx_word' id='word_1_255' title='bbox 195 3227 369 3295; x_wconf 88' lang='lat' dir='ltr'>exercitum</span> <span class='ocrx_word' id='word_1_256' title='bbox 382 3225 548 3292; x_wconf 86' lang='lat' dir='ltr'>Brundisii</span> <span class='ocrx_word' id='word_1_257' title='bbox 565 3228 742 3313; x_wconf 83' lang='lat' dir='ltr'>inponeret,</span> <span class='ocrx_word' id='word_1_258' title='bbox 761 3228 892 3312; x_wconf 90' lang='lat' dir='ltr'>quidam</span> <span class='ocrx_word' id='word_1_259' title='bbox 909 3228 944 3291; x_wconf 93' lang='lat' dir='ltr'>in</span> <span class='ocrx_word' id='word_1_260' title='bbox 961 3231 1058 3312; x_wconf 90' lang='lat' dir='ltr'>portu</span> <span class='ocrx_word' id='word_1_261' title='bbox 1075 3226 1184 3292; x_wconf 85' lang='lat' dir='ltr'>caricas</span> 
     </span>
     <span class='ocr_line' id='line_1_35' title="bbox 195 3313 1185 3383; baseline -0.009 -1"><span class='ocrx_word' id='word_1_262' title='bbox 195 3317 306 3383; x_wconf 77' lang='lat' dir='ltr'>(launo</span> <span class='ocrx_word' id='word_1_263' title='bbox 334 3316 448 3381; x_wconf 86' lang='lat' dir='ltr'>advect</span> <span class='ocrx_word' id='word_1_264' title='bbox 434 3320 485 3380; x_wconf 88' lang='lat' dir='ltr'>tas</span> <span class='ocrx_word' id='word_1_265' title='bbox 508 3315 648 3380; x_wconf 78' lang='lat' dir='ltr'>vendens</span> <span class='ocrx_word' id='word_1_266' title='bbox 671 3314 842 3381; x_wconf 80' lang='lat' dir='ltr'>Cauneas</span> <span class='ocrx_word' id='word_1_267' title='bbox 866 3315 1063 3381; x_wconf 87' lang='lat' dir='ltr'>clamitabat.</span> <span class='ocrx_word' id='word_1_268' title='bbox 1042 3313 1185 3379; x_wconf 87' lang='lat' dir='ltr'>tDica·</span> 
     </span>
     <span class='ocr_line' id='line_1_36' title="bbox 194 3389 1211 3487; baseline -0.009 -20"><span class='ocrx_word' id='word_1_269' title='bbox 194 3425 276 3486; x_wconf 91' lang='lat' dir='ltr'>mus,</span> <span class='ocrx_word' id='word_1_270' title='bbox 298 3403 327 3466; x_wconf 95' lang='lat' dir='ltr'>si</span> <span class='ocrx_word' id='word_1_271' title='bbox 349 3404 466 3487; x_wconf 88' lang='lat' dir='ltr'>placet,</span> <span class='ocrx_word' id='word_1_272' title='bbox 488 3402 648 3466; x_wconf 90' lang='lat' dir='ltr'>monitum</span> <span class='ocrx_word' id='word_1_273' title='bbox 671 3404 711 3469; x_wconf 89' lang='lat' dir='ltr'>ab</span> <span class='ocrx_word' id='word_1_274' title='bbox 736 3425 772 3468; x_wconf 90' lang='lat' dir='ltr'>eo</span> <span class='ocrx_word' id='word_1_275' title='bbox 792 3403 955 3487; x_wconf 79' lang='lat' dir='ltr'>Crassum,</span> <span class='ocrx_word' id='word_1_276' title='bbox 977 3404 1127 3469; x_wconf 80' lang='lat' dir='ltr'>caveret</span> <span class='ocrx_word' id='word_1_277' title='bbox 1146 3389 1211 3482; x_wconf 59' lang='grc' dir='ltr'>ιιι</span> 
     </span>
     <span class='ocr_line' id='line_1_37' title="bbox 194 3483 1211 3576; baseline -0.004 -22"><span class='ocrx_word' id='word_1_278' title='bbox 194 3491 282 3554; x_wconf 91' lang='lat' dir='ltr'>iret</span> <span class='ocrx_word' id='word_1_279' title='bbox 275 3512 371 3574; x_wconf 90' lang='lat' dir='ltr'>,non</span> <span class='ocrx_word' id='word_1_280' title='bbox 392 3489 492 3554; x_wconf 88' lang='lat' dir='ltr'>fuisse</span> <span class='ocrx_word' id='word_1_281' title='bbox 514 3489 703 3575; x_wconf 87' lang='lat' dir='ltr'>periturum,</span> <span class='ocrx_word' id='word_1_282' title='bbox 725 3491 755 3555; x_wconf 93' lang='lat' dir='ltr'>si</span> <span class='ocrx_word' id='word_1_283' title='bbox 777 3491 878 3558; x_wconf 89' lang='lat' dir='ltr'>omini</span> <span class='ocrx_word' id='word_1_284' title='bbox 899 3491 1066 3576; x_wconf 90' lang='lat' dir='ltr'>paruisset.</span> <span class='ocrx_word' id='word_1_285' title='bbox 1106 3483 1211 3562; x_wconf 86' lang='lat' dir='ltr'>Quae</span> <span class='ocrx_word' id='word_1_286' title='bbox 1210 3509 1211 3548; x_wconf 81' lang='grc' dir='ltr'>ι</span> 
     </span>
    </p>
   </div>
   <div class='ocr_carea' id='block_1_6' title="bbox 0 0 1230 3938">
    <p class='ocr_par' dir='ltr' id='par_1_9' title="bbox 0 0 1230 3938">
     <span class='ocr_line' id='line_1_38' title="bbox 0 0 1230 3938; baseline 0 0"><span class='ocrx_word' id='word_1_287' title='bbox 0 0 1230 3938; x_wconf 95' lang='lat' dir='ltr'> </span> 
     </span>
    </p>
   </div>
  </div>
 </body>
</html>
