2490 3950
309 174 417 231 LIB.1.
438 175 513 232 CAP.
533 183 647 234 22-24.
666 183 682 244 ἓ
701 184 813 234 60-67.
1020 179 1066 245 25

19 299 20 306 ¹
74 317 180 382 multos
203 340 275 384 esse
297 319 415 404 factos,
443 320 562 405 quippe
584 343 658 386 eum
680 343 818 407 poenam
839 344 881 388 ne
903 323 1065 389 dubitatio

74 405 188 488 quidem
216 407 357 494 effugere
384 409 553 494 potuisset.
603 407 687 485 Quid
714 409 753 474 de
779 410 961 498 sacrilegis,
988 412 1068 496 quid

73 493 104 558 de
122 494 229 581 impiis
252 495 453 582 periurisque
476 497 640 562 dicemus?

349 618 523 684 Tubulus
547 621 580 684 si
602 620 741 685 Lucius
764 643 955 706 umquam,

49 722 59 761 ⁵
168 703 208 770 Si
230 705 359 793 Lupus
383 711 448 773 aut
471 707 609 792 Carbo,
631 707 805 793 Neptuni
826 707 952 795 filius,

68 850 99 910 ut
119 847 164 913 ait
185 846 346 932 Lucilius,
368 852 517 933 putasset
540 871 611 914 esse
633 851 724 933 deos,
746 854 815 917 tam
837 850 985 935 periurus
1009 856 1066 916 aut

67 939 127 1000 tam
152 937 291 1020 inpurus
317 936 455 1003 fuisset?
499 936 576 1002 Non
603 942 654 1003 est
679 939 782 1025 igitur
803 943 874 1004 tam
896 939 1065 1024 explorata
1083 957 1122 1005 ec

66 1023 123 1088 iste
146 1025 234 1090 ratio
262 1025 305 1090 ad
332 1025 379 1109 id,
411 1025 497 1110 quod
523 1026 637 1110 vultiS,
668 1026 936 1110 confirmandum,
968 1048 1066 1110 quam

66 1111 190 1178 uidetur.
229 1109 294 1178 Sed
312 1113 389 1196 quia
406 1135 574 1179 commune
592 1115 654 1179 hoe
673 1118 723 1179 est
741 1117 969 1201 argumentum
988 1116 1066 1181 alio·

37 1217 129 1264 torum
150 1201 254 1266 etiam
276 1201 559 1286 philosophorum,
582 1201 733 1267 omittam
755 1203 818 1268 hoe
839 1207 1002 1288 tempore3
1025 1203 1066 1268 ad

65 1292 164 1354 vestra
185 1289 324 1374 propria
345 1291 454 1355 venire
477 1290 572 1355 malo.
835 1293 846 1318 ⁶

122 1375 272 1444 Concedo
296 1399 366 1443 esse
389 1377 480 1462 de0s3
502 1377 579 1444 doce
602 1401 655 1443 me
676 1378 787 1464 igitur,
809 1379 893 1445 unde
912 1379 987 1464 sint,
1009 1380 1065 1445 nbi
1084 1395 1122 1444 ec

65 1465 130 1548 sint,
151 1466 269 1550 quales
288 1467 354 1530 siut
371 1487 514 1552 corpore,
537 1465 655 1552 animo,
676 1468 759 1550 vita3
781 1468 861 1533 haec
880 1467 965 1531 enim
984 1468 1066 1533 scire

66 1552 213 1619 desidero.
267 1553 423 1619 Abuteris
459 1553 501 1618 ad
536 1555 645 1620 omnia
681 1559 865 1620 atomorum
896 1573 1000 1640 regno
1033 1560 1066 1619 et

38 1659 55 1696 15
66 1640 201 1726 licentia3
227 1643 311 1727 hine,
333 1642 556 1726 quodcumque
577 1643 613 1707 in
635 1643 742 1707 solum
764 1644 861 1727 venit,
883 1645 921 1706 ut
940 1643 1066 1722 dicitur,

66 1728 185 1817 effingis
205 1733 305 1814 atque
324 1729 434 1795 efficis.
466 1729 555 1805 Quae
572 1731 715 1816 primum
733 1730 842 1795 nullae
857 1733 942 1794 sunt.
973 1729 1066 1794 Nihil

65 1821 108 1882 est
137 1819 229 1884 enim
258 1818 283 1900 †
312 1818 400 1902 quod
427 1821 521 1884 vacet
552 1839 699 1904 eorpore;
718 1817 925 1903 vcorporibus
957 1821 1066 1882 autem

65 1907 160 1972 omnis
192 1905 361 1972 obsidetur
390 1906 494 1989 locns3
522 1905 571 1971 ita
596 1907 724 1971 nullum
750 1907 859 1990 inane,
887 1905 971 1970 nihil
994 1928 1065 1971 esse
1134 1954 1138 1960 ·

65 1993 260 2060 individuum
286 1998 405 2080 potest.
448 1993 538 2060 Haec
566 2015 627 2079 ego
653 2017 738 2060 nune
764 1994 973 2081 physicorum
996 1967 1123 2094 ora-{¹25⁸

38 2082 130 2147 ucula
149 2082 269 2166 fundo,
294 2104 372 2148 vera
394 2104 437 2146 an
458 2082 557 2166 falsa,
577 2083 700 2167 nescia,
723 2083 779 2148 sed
800 2083 870 2148 veri
892 2086 1003 2148 tamen
1026 2084 1066 2147 si-

66 2169 188 2236 miliora
222 2193 320 2254 quam
351 2173 470 2235 vestra.
519 2169 589 2236 Ista
620 2171 706 2235 enim
733 2171 861 2258 flagitia
887 2170 1067 2238 Democriti

67 2256 126 2322 sive
157 2259 261 2324 etiam
292 2261 367 2324 ante
394 2257 561 2343 Leucippi,
593 2280 663 2324 esse
690 2260 882 2346 corpuscula
909 2260 1066 2343 quaedam

66 2344 156 2431 levia,
184 2347 252 2412 alia
275 2367 402 2432 aspera,
424 2347 565 2412 rotunda
587 2347 667 2430 alia,
689 2348 812 2432 partim
835 2350 944 2413 autem
968 2367 1066 2432 angu-

67 2433 135 2518 latc,
153 2436 291 2500 hamata
309 2434 467 2519 quaedam
486 2438 519 2499 et
539 2436 631 2518 quasi
645 2435 778 2519 adunca,
798 2457 836 2500 ex
850 2434 902 2498 his
918 2435 1067 2499 effectum

39 2532 129 2587 ²⁵esse
152 2523 280 2589 eaelum
308 2527 405 2606 atque
432 2526 553 2587 terram
580 2524 672 2590 nulla
694 2525 830 2608 cogente
852 2524 982 2604 natura,
1012 2521 1067 2584 s'ed

68 2631 219 2677 concursu
233 2610 373 2696 quodam
386 2610 532 2696 fortuito,
547 2611 632 2676 hane
645 2616 682 2676 tu
695 2611 889 2697 opinionem,
903 2607 938 2673 (l.
952 2607 1067 2693 Vellei,

67 2719 161 2784 usque
189 2699 232 2765 ad
260 2700 344 2764 hanc
370 2702 513 2764 aetatem
538 2699 730 2784 perduxisti,
762 2699 916 2784 priusque
938 2701 971 2762 te
995 2697 1066 2781 quis

69 2784 102 2850 de
127 2787 217 2852 omni
238 2788 326 2853 vitae
349 2791 439 2852 statu
462 2808 559 2870 quam
582 2787 621 2851 de
643 2787 709 2852 ista
732 2785 925 2852 auctoritate
949 2785 1067 2852 deiece

69 2873 119 2958 rit3
144 2880 221 2941 ante
249 2874 335 2940 enim
361 2875 512 2940 iudicasti
533 2873 728 2960 Epicureum
754 2879 789 2939 te
815 2895 885 2940 esse
909 2878 1067 2960 oportere,

39 2973 160 3043 ³⁰quam
186 2964 253 3029 ista
279 2963 469 3048 cognovisti
514 2961 567 3029 Ita
592 2984 723 3028 necesse
744 2962 808 3028 fuit
831 2966 888 3028 aut
910 2963 990 3029 haec
1012 2963 1067 3026 fla·

70 3050 145 3132 gitis
172 3051 339 3137 concipere
362 3051 469 3116 animo
494 3055 551 3116 aut
574 3054 741 3135 susceptae
763 3051 990 3136 philosophiae
1011 3072 1067 3114 no-

71 3157 138 3203 men
160 3141 319 3206 amittere.
364 3138 448 3214 Quid
470 3139 556 3203 enim
578 3160 716 3224 mereas,
738 3144 775 3205 ut
797 3138 973 3223 Epicureus
997 3157 1067 3201 esse
1086 3147 1122 3195 er

71 3223 213 3294 desinas?
257 3225 351 3292 Nihil
383 3227 544 3310 equidem,
574 3227 696 3311 inquis,
727 3231 764 3293 ut
794 3227 954 3292 rationem
981 3224 1068 3286 vitae

70 3311 178 3382 beatae
200 3316 437 3399 veritatemque
459 3315 614 3382 deseram.
650 3314 720 3380 Ista
737 3315 839 3400 igitur
857 3316 907 3377 est
925 3309 1067 3375 veritas?

44 3397 151 3467 ³5Nam
173 3402 213 3468 de
235 3404 304 3468 vita
325 3404 423 3469 beata
444 3403 527 3468 nihil
550 3424 704 3488 repugn0,
728 3424 825 3485 quam
843 3405 880 3464 tu
896 3420 937 3462 ne
955 3397 990 3461 in
1009 3397 1067 3460 deo

74 3489 194 3571 quidem
217 3512 287 3556 esee
310 3513 429 3576 censes,
451 3491 516 3555 nisi
532 3491 629 3576 plane
648 3490 715 3554 otio
734 3490 896 3571 langueat.
933 3482 994 3548 Sed
1012 3483 1070 3546 nbi
