2510 3936
362 160 429 217 ΜΒ.
444 109 470 218 ιΙ.
491 161 664 220 onP.·1-a
683 170 699 230 s
717 168 794 218 e-s.
1015 167 1080 232 383

74 305 173 371 Potes
206 308 314 371 autem
340 308 379 370 tu
404 305 550 391 profecto
578 305 658 371 satis
685 306 791 373 facere
818 306 853 372 in
880 329 931 393 ea,
963 309 1082 395 quippe

76 416 173 478 quom
198 394 241 458 sit
264 415 355 479 opus,
377 397 414 458 ut
436 395 498 460 tibi
517 393 646 478 quidem
664 395 767 462 videri
786 397 878 481 solet,
901 418 1002 462 unum
1019 399 1081 464 hoc

75 482 254 548 oratorium
281 482 429 547 maxime.
475 481 579 558 Quam
607 484 649 548 ob
676 505 745 550 rem
771 485 960 571 adgredere,
988 503 1116 570 quaes

75 593 195 655 sumus,
219 575 252 635 et
275 593 365 635 sume
382 571 429 661 ,ad
451 571 535 636 hano
557 593 627 636 rem
649 574 789 657 tempus,
812 595 894 657 quae
917 578 967 638 est
990 597 1082 640 eno·

50 659 152 724 ⁵stris
175 658 361 724 hominibus
385 659 489 726 adhuc
512 662 569 724 aut
591 659 744 745 ignorata
762 665 819 726 aut
837 663 960 728 relicto.
996 662 1082 728 Nam

72 753 151 832 post
169 748 296 812 annalis
315 749 505 833 pontificum
524 748 749 832 maximorum,
773 749 890 833 quibus
908 751 992 815 nihil
1010 755 1082 836 pot·

73 841 123 901 est
158 858 228 900 esse
259 836 411 920 ieiunius,
443 836 472 901 si
508 841 565 902 aut
597 836 638 902 ad
665 835 802 902 Fabium
836 843 893 902 aut
926 838 967 902 ad
999 861 1081 923 eum,

74 926 130 1009 qui
154 925 216 989 tibi
239 946 365 1009 semper
387 925 422 989 in
444 946 500 990 ore
523 928 582 1008 est,
605 923 771 1008 Catonern,
796 929 852 991 aut
871 926 912 992 ad
930 926 1082 992 Pisonem

73 1018 131 1080 aut
156 1012 196 1078 ad
209 1011 368 1079 Fannium
388 1017 444 1078 aut
463 1013 503 1078 ad
517 1013 724 1078 Vennonium
741 1013 862 1097 venias,
885 1037 1082 1100 quamquam

39 1121 112 1168 nex
135 1102 187 1166 his
211 1102 294 1167 alius
318 1102 383 1166 alio
406 1103 481 1186 plus
503 1101 604 1166 habet
626 1101 757 1186 virium,
780 1106 891 1167 tamen
914 1103 991 1187 quid
1013 1108 1082 1168 tarn

74 1191 158 1258 exile
182 1213 280 1274 quarn
302 1189 359 1254 isti
382 1191 516 1255 omnes?
550 1188 667 1254 Fannii
690 1193 798 1255 autem
818 1191 918 1256 aetati
937 1191 1083 1257 coniunc-

73 1284 127 1345 tus
155 1278 331 1364 Antipater
361 1279 460 1363 paulo
491 1277 618 1344 inflavit
649 1279 873 1344 vehementius
903 1280 1082 1364 habuitque

73 1369 160 1435 vires
188 1367 328 1453 agrestis
355 1366 411 1432 ille
439 1367 568 1451 quidem
592 1370 688 1452 atque
711 1367 861 1433 horridas
884 1369 953 1433 sine
976 1369 1082 1434 nitore

75 1480 112 1524 ao
134 1457 308 1543 palaestra,
332 1455 389 1522 sed
411 1459 522 1521 tamen
545 1456 716 1521 admonere
740 1456 883 1540 reliquos
905 1457 1023 1541 potuit,
1046 1460 1083 1522 ut

40 1564 61 1602 1⁵
76 1545 260 1611 adcuratius
298 1543 485 1610 scriberent.
534 1542 617 1609 Ecce
654 1547 764 1609 autem
796 1565 977 1610 successere
1007 1544 1083 1609 huic

74 1633 187 1718 †,belli
208 1631 356 1717 Clodius,
378 1630 517 1716 Asellio,
539 1631 621 1696 nihil
646 1631 688 1698 ad
710 1630 873 1717 Coelium,
896 1631 953 1696 scd
972 1632 1082 1716 potius

75 1724 115 1788 ed
148 1722 356 1807 antiquorum
388 1723 578 1806 languorem
607 1723 641 1784 et
668 1719 842 1786 inscitiam.
891 1718 978 1784 Nam
1006 1719 1116 1804 quidr

74 1812 221 1877 Macrum
242 1810 432 1876 numerem?
456 1809 545 1874 cuius
569 1808 751 1893 loquacitas
773 1808 873 1873 habet
893 1807 1016 1891 aliquid
1035 1830 1083 1873 ar-

76 1901 255 1988 gutiarum,
283 1920 342 1963 nec
371 1897 405 1962 id
433 1901 544 1963 tamen
574 1918 613 1962 ex
642 1895 701 1962 illa
732 1897 858 1961 erudita
886 1895 1083 1961 Graecorum

39 2007 62 2047 ²0
75 1989 178 2075 eopia,
201 1988 257 2053 sed
279 2009 319 2052 ex
341 1986 519 2052 librariolis
538 1985 674 2071 Latinis,
695 1985 731 2049 in
753 1984 955 2050 orationibus
974 1988 1083 2048 autem

75 2079 190 2160 multa,
213 2076 269 2142 sed
291 2075 403 2161 inepta
426 2075 535 2158 elatio,
559 2096 685 2141 summa
707 2073 905 2158 inpudentia.
938 2070 1083 2155 Sisenna,

76 2168 144 2234 eius
169 2165 300 2249 amicus,
323 2185 434 2228 omnes
458 2162 563 2228 adhuc
584 2167 715 2229 nostros
739 2162 923 2248 scriptores,
945 2161 1009 2226 nisi
1027 2161 1083 2246 qui

75 2256 161 2324 forte
192 2253 335 2318 nondum
367 2251 549 2334 ediderunt,
581 2252 619 2316 de
652 2251 768 2335 quibus
802 2250 986 2317 existimare
1018 2271 1085 2315 nou

75 2363 258 2428 possumus,
280 2341 376 2406 facile
400 2339 574 2424 superavit.
610 2337 644 2403 Is
666 2343 778 2404 tamen
796 2360 901 2423 neque
920 2342 1032 2404 orator
1049 2339 1085 2401 in

39 2449 63 2491 2⁵
75 2452 211 2498 numero
242 2433 352 2495 vestro
384 2449 537 2512 umquem
569 2429 620 2492 est
650 2426 783 2492 habitus
815 2429 849 2490 et
880 2425 915 2490 in
945 2425 1084 2490 historia

76 2520 201 2607 puerile
224 2518 377 2603 quiddam
400 2518 613 2600 consectatur,
635 2518 673 2579 ut
692 2536 793 2580 uuum
812 2511 1013 2580 Clitarchum
1031 2534 1084 2577 ne·

78 2631 139 2694 que
162 2611 332 2695 praeterea
354 2626 549 2690 quemquam
572 2603 611 2667 de
634 2601 766 2668 Graecis
789 2601 909 2688 legisse
928 2601 1083 2683 videatur,

77 2720 151 2763 eum
179 2700 290 2762 tamen
316 2694 401 2760 velle
424 2694 593 2758 dumtaxat
615 2690 751 2774 imitari3
779 2711 875 2774 quem
899 2689 928 2754 si
950 2689 1084 2772 adsequi

77 2789 198 2871 posset,
221 2784 424 2869 aliquantum
447 2782 489 2847 ab
513 2785 647 2865 optumo
670 2782 781 2844 tamen
804 2779 942 2843 abesset.
978 2775 1084 2852 Quare

38 2891 64 2931 ³⁰
77 2879 170 2939 tuum
189 2877 239 2939 ert
257 2893 373 2938 munus
391 2870 463 2955 hoc,
485 2892 506 2934 a
523 2873 557 2934 te
576 2870 773 2954 expectatur,
791 2866 855 2930 nisi
873 2865 950 2950 quid
964 2862 1083 2941 Quinto

76 2963 204 3030 videtur
227 2983 327 3027 secus.

85 3075 87 3081 ’
144 3051 178 3133 Q.
201 3050 284 3116 Mihi
305 3071 382 3115 vero
405 3047 501 3131 nihil,
524 3049 557 3112 et
580 3067 676 3131 saepe
700 3045 738 3110 de
761 3043 825 3108 isto
849 3043 1010 3110 conlocuti
1034 3011 1123 3136 sugJ

76 3162 159 3207 mus.
210 3136 272 3204 Sed
304 3140 355 3202 est
386 3135 545 3221 quaedam
576 3135 661 3199 inter
692 3154 752 3198 nos
784 3155 887 3217 parva
918 3130 1084 3196 dissensio.

77 3233 152 3296 ΑΝ.
170 3225 259 3302 Quae
282 3226 435 3292 tandem?
466 3224 501 3304 Q.
519 3222 550 3288 A
569 3223 686 3307 quibus
704 3220 906 3306 temporibus
926 3219 1085 3284 scribendi

38 3331 64 3372 ³5
78 3317 188 3402 capiat
211 3314 386 3380 exordium.
421 3312 494 3398 Ego
517 3311 604 3376 enim
627 3312 668 3376 ab
691 3309 817 3374 ultimis
841 3328 964 3392 censeo,
987 3328 1086 3390 quon-

77 3405 161 3470 iam*
181 3405 241 3469 illa
275 3404 322 3469 sic
356 3401 478 3486 scripta
512 3403 602 3482 sunt,
637 3402 674 3465 ut
700 3420 741 3463 ne
769 3398 920 3482 legantur
948 3394 1086 3480 quidem,

77 3495 149 3581 ipse
174 3497 283 3558 autem
307 3491 475 3575 aequalem
494 3487 610 3553 aetatis
630 3507 706 3552 suae
725 3485 915 3550 memoriam
933 3483 1086 3568 deposcit,
