2478 3936
162 159 227 224 108
472 158 523 212 DE
540 158 693 212 NATURA
709 156 864 212 DEOBUH

123 265 143 390 ξ
229 301 318 379 Quae
347 325 422 368 eum
449 302 575 368 soom
606 303 755 386 dissat,
784 306 855 366 eum
886 301 1035 366 adridens
1059 297 1175 364 eota:

162 389 258 476 Sero,
282 391 404 475 inquit,
430 391 526 474 mibi,
551 389 668 474 Balbe,
693 391 865 475 praecipis,
892 388 969 473 quid
992 386 1173 453 defendam.

161 479 235 564 Ego
258 479 346 544 enim
368 483 403 544 te
426 479 622 564 disputante,
645 478 723 563 quid
744 483 857 544 oonba
874 478 1021 560 dicerem,
1044 498 1173 541 meeum

161 568 233 652 ipse
255 567 452 651 meditabar,
473 589 578 652 neque
600 572 670 632 tam
691 566 860 632 refellendi
880 565 930 630 tui
951 586 1050 630 eausa
1073 586 1173 648 quam

163 677 211 740 ea,
233 677 317 740 quae
339 657 446 720 minus
468 656 711 742 intellegebam,
732 653 923 740 requirendi
959 652 1042 718 Cum
1062 657 1172 719 eutem
1200 671 1219 712 5

163 766 223 810 suo
246 745 361 829 cuique
382 743 501 809 iudicio
524 745 570 808 sit
590 743 756 828 utendum,
780 742 911 807 difficile
932 741 1023 806 foetu
1045 744 1098 805 est
1120 762 1171 804 me

128 833 199 898 eid
224 833 358 916 sentire,
385 831 473 916 quod
498 837 536 897 tu
557 833 648 898 velis.
692 832 755 898 Hie
776 830 935 896 Velleius:
965 828 1099 913 Nescis,
1126 829 1172 892 in-

164 921 245 1006 quit,
267 923 391 1006 quanta
413 942 487 986 oum
508 920 757 1006 exspectatione,
780 917 887 1003 Cotta
909 919 971 983 sim
993 922 1027 982 te
1046 917 1169 982 auditu-

163 1032 229 1076 rus.
273 1009 435 1076 Iucundus
458 1009 545 1074 enim
565 1007 672 1074 Balbo
693 1012 807 1073 nostro
829 1029 935 1072 sermo
957 1009 1033 1070 tuus
1058 1009 1173 1070 eontra

162 1096 340 1182 Epicurum
357 1097 435 1181 fuit;
474 1097 615 1162 raebebo
629 1097 732 1182 igitur
746 1118 807 1182 ego
821 1094 949 1160 metiti
965 1094 1112 1159 vicissim
1126 1097 1171 1157 at
1185 1113 1227 1152 ro

164 1189 293 1250 tentum
315 1190 431 1250 eontra
451 1121 579 1250 btoioos
602 1185 791 1250 auditorem.
836 1181 937 1268 Spero
960 1182 1046 1246 enim
1070 1187 1113 1265 te,
1135 1185 1172 1245 ut

130 1273 267 1355 aeoles,
289 1273 372 1337 bene
393 1277 546 1356 paratum
566 1274 685 1339 venire.
728 1273 812 1338 llam
834 1269 946 1336 Getta:
973 1267 1026 1335 sie
1048 1270 1172 1334 meher-

165 1361 250 1443 enle,
275 1359 397 1443 inquit,
424 1358 545 1444 Vellei3
570 1383 675 1445 neque
696 1361 783 1426 euim
804 1359 886 1425 mihi
907 1381 968 1443 par
989 1358 1077 1423 ratio
1101 1379 1172 1423 oum

164 1446 289 1512 Lucilio
317 1451 368 1512 est
395 1469 433 1512 ee
452 1447 565 1514 'tecum
579 1449 663 1514 duit.
707 1447 770 1524 Qui
791 1447 945 1514 tandem?
976 1447 1085 1531 inquit
1107 1446 1172 1509 ille.

165 1533 248 1610 Quia
269 1535 352 1600 mihi
372 1536 500 1601 ridetur
513 1536 673 1622 Epicurus
690 1541 799 1603 vester
817 1537 856 1600 de
874 1535 922 1600 dis
940 1535 1170 1599 inmortalibus
1186 1551 1214 1591 1⁵

164 1645 231 1690 non
257 1645 456 1710 magnopere
480 1645 641 1710 pugnarn
672 1629 802 1690 tantum
827 1623 923 1689 modo
950 1644 1072 1709 negare
1096 1623 1172 1687 deos

166 1733 236 1776 esse
258 1734 324 1777 non
346 1713 453 1798 audet,
474 1735 515 1778 ne
537 1713 616 1797 quid
636 1713 776 1778 invidiae
798 1713 915 1778 subeat
937 1714 994 1774 aut
1017 1711 1171 1775 oriminis.

165 1798 247 1866 Cum
278 1818 355 1866 vero
388 1801 464 1866 deos
495 1801 579 1865 nihil
611 1822 721 1887 egere,
751 1801 834 1866 nihil
862 1820 973 1866 aurare
1000 1799 1173 1863 confirmat

166 1887 384 1971 membrisque
406 1888 557 1954 humanis
581 1911 650 1954 esse
672 1888 847 1974 praeditos,
870 1887 926 1954 sed
944 1908 1056 1951 eorum
1075 1909 1173 1952 mem-

163 1976 298 2050 brorum
320 1996 415 2040 usum
436 1977 564 2042 nullum
585 1977 718 2061 bebere,
745 1973 855 2042 lridere
877 1975 1004 2041 videtur
1027 1975 1173 2058 satisque
1187 1994 1213 2033 ao

164 2065 294 2147 putare,
324 2062 353 2127 ei
382 2064 500 2129 dixerit
525 2085 596 2129 esee
623 2065 784 2149 quandam
810 2065 942 2130 beatam
963 2066 1119 2127 dabiram
1140 2067 1174 2127 et
1226 2143 1227 2152 ἵ

130 2153 340 2218 leetemam.
375 2151 407 2216 A
420 2150 526 2216 Balbo
541 2155 649 2218 autem
664 2151 932 2235 animadvertisti,
951 2149 1055 2234 credo,
1075 2172 1173 2234 quam
1226 2207 1227 2224 ,

166 2237 271 2301 multe
294 2234 381 2304 dieta
403 2239 471 2304 sint
487 2262 657 2325 quamque,
681 2241 810 2306 etiamsi
827 2241 934 2305 minus
952 2259 1039 2322 vere,
1062 2243 1174 2303 tamen

167 2328 245 2410 apta
271 2325 356 2390 inter
380 2347 414 2391 se
437 2331 470 2391 et
492 2327 707 2394 cohaerentia.
752 2328 867 2412 Itaque
890 2325 1013 2412 cogito,
1036 2330 1075 2389 ut
1099 2327 1174 2410 dixi,

164 2433 231 2478 non
253 2416 323 2478 tam
344 2413 492 2480 refellere
516 2416 584 2481 eius
607 2417 789 2481 orationem
812 2439 910 2500 quam
934 2436 984 2497 ea,
1008 2434 1093 2497 quae
1117 2416 1173 2479 mi·
1186 2431 1210 2473 as

164 2521 226 2566 nus
249 2499 408 2586 intellexi,
435 2503 606 2592 requirere.
652 2503 766 2588 Quare,
788 2503 899 2588 Balbe,
922 2502 984 2568 tibi
1006 2504 1173 2587 permitto,

165 2588 399 2674 responderene
426 2589 506 2656 mibi
532 2591 628 2656 malis
657 2590 696 2656 de
723 2592 860 2678 singulis
884 2593 980 2656 rebus
1004 2591 1175 2674 quaerenti

166 2695 205 2740 ex
231 2679 264 2741 te
292 2698 345 2761 ea,
377 2699 459 2762 quae
488 2701 603 2763 parum
631 2680 751 2765 occepi,
782 2702 823 2745 an
850 2681 1034 2746 universam
1062 2680 1174 2744 audire
1226 2729 1227 2732 ,

166 2763 347 2830 orationem
369 2787 483 2832 meam.
520 2765 604 2832 Tum
617 2767 755 2833 Balbus:
778 2767 851 2852 Ego
869 2789 955 2852 vero,
979 2767 1007 2831 si
1025 2768 1105 2850 quid
1123 2790 1174 2832 ex·
1226 2845 1227 2850 ἵ

165 2849 294 2934 planari
319 2852 382 2916 tibi
408 2854 512 2938 voles,
538 2857 732 2941 respondere
760 2857 861 2940 male,
889 2857 940 2921 sin
962 2875 1013 2918 me
1036 2856 1227 2920 interro-³⁰¹

166 2955 244 3023 gare
280 2958 346 3002 non
381 2943 451 3005 tam
486 2942 696 3029 intellegendi
732 2966 830 3009 eausa
866 2965 962 3028 quam
995 2942 1174 3029 refellendi,
1226 3005 1227 3022 ,

165 3025 276 3088 utrum
302 3024 405 3109 voles,
433 3027 563 3114 faciam,
590 3031 642 3097 vel
671 3032 712 3096 ad
740 3033 882 3118 singula,
910 3053 991 3116 quae
1019 3033 1175 3115 requires,
1226 3035 1227 3082 ἶ

131 3128 146 3180 b
167 3110 279 3176 stetim
296 3113 496 3197 respondebo
514 3118 576 3200 vel,
594 3140 666 3183 oum
685 3121 856 3205 peroraris,
875 3119 1052 3184 adomnia
1090 3119 1174 3184 Tum
1226 3189 1227 3194 ,

166 3195 277 3266 Ootta:
301 3198 439 3288 Optime,
462 3201 575 3286 inquit.
613 3204 874 3280 Quamobrem
898 3207 944 3272 eie
968 3228 1114 3293 agamus,
1137 3212 1173 3272 ut
1226 3231 1227 3280 1

126 3285 225 3352 teos
253 3287 324 3374 ipsa
348 3288 442 3354 duoet
465 3290 578 3356 oratio.
625 3290 688 3358 Sed
711 3299 786 3360 ante
811 3317 907 3378 quem
931 3295 969 3360 de
992 3317 1040 3379 re,
1069 3289 1227 3380 paueat

165 3373 204 3488 de
215 3396 286 3488 ¹me.
323 3373 400 3476 Non
417 3375 503 3442 enim
521 3378 726 3445 mediocriter
744 3403 876 3447 moveor
894 3383 1090 3447 auctoritate
1107 3388 1173 3468 tua,
1226 3389 1227 3452 ἔ

197 3461 281 3546 be,
309 3466 519 3549 orationeque
543 3485 594 3550 ea,
622 3487 704 3550 quae
727 3489 779 3534 me
800 3469 836 3533 in
857 3471 1039 3555 perorando
1062 3472 1173 3537 eohor-
1226 3509 1227 3520 κ
