2478 3936
297 197 364 254 LlB.
383 197 418 254 H.
444 197 519 252 CAP.
539 205 651 253 10-12.
675 204 690 263 ἓ
709 204 822 254 26-32.
1020 199 1061 262 57

70 361 190 426 conexa,
214 342 337 406 habere
360 342 501 426 aliquem
523 341 559 406 in
582 364 616 406 se
638 341 870 427 principatum,
892 345 929 406 ut
951 341 986 406 in
1007 341 1064 407 ho

69 430 142 494 nine
163 434 321 514 mentem,
342 429 378 494 in
399 431 497 496 belua
520 430 672 514 quiddam
696 429 801 495 simile
824 430 957 514 mentis,
979 430 1063 495 unde

69 517 204 583 oriantur
222 539 332 584 rerum
352 518 524 604 adpetitus.
561 517 600 582 In
614 518 768 583 arborum
782 521 890 584 autem
905 522 938 582 et
952 540 1063 584 earum

66 627 171 689 rernm,
194 628 280 691 quae
303 607 482 692 gignuntur
505 628 522 671 e
544 609 646 690 terra,
664 606 826 672 radicibus
848 606 954 671 inesse
977 607 1063 691 prin-

47 693 182 777 ⁵oipatus
212 699 358 781 putatur.
407 693 630 779 Principatum
660 697 769 758 autem
796 694 832 760 id
861 695 945 780 dico,
978 693 1064 778 quod

66 779 171 848 Graeci
187 777 393 867 ἡγεμονικόν
411 786 539 866 vocant,
562 804 626 867 quo
643 781 727 846 nihil
745 782 780 846 in
800 803 1063 868 quoquegenerc

64 891 115 935 nec
139 874 253 954 potest
278 891 338 936 neo
365 870 460 936 debet
488 892 558 936 esse
585 870 814 956 praestantius.
859 869 912 935 Ita
933 891 1063 935 necesse

65 961 108 1023 est
127 958 213 1024 illud
236 958 345 1042 etiam,
368 959 489 1042 inquo
513 958 557 1023 sit
580 958 682 1022 totius
700 962 836 1023 naturae
853 958 1065 1043 principatus,

65 1067 126 1112 esse
157 1047 306 1112 omnium
336 1046 497 1131 optimum
526 1045 734 1130 omniumque
761 1067 871 1110 rerum
900 1049 1064 1130 potestate

35 1149 54 1190 1⁰
65 1132 290 1219 dominatuque
317 1133 552 1219 dignissimum.
597 1133 753 1198 Videmus
776 1137 885 1198 autem
907 1133 943 1198 in
964 1134 1064 1219 parti·
1083 1149 1117 1200 30

64 1222 116 1287 bns
139 1223 255 1289 mundi
276 1219 373 1308 (nihil
397 1227 447 1288 est
470 1222 555 1288 enim
578 1221 725 1288 inomni
742 1223 871 1305 mundo,
895 1223 981 1306 quod
998 1244 1066 1288 non

63 1332 131 1394 pars
158 1310 306 1378 universi
328 1308 386 1396 sit)
409 1311 515 1375 inesse
538 1311 669 1374 sensum
692 1312 789 1394 atque
811 1311 980 1376 rationem.
1025 1309 1066 1376 In

64 1419 97 1463 ea
116 1404 213 1484 parte
235 1398 346 1484 igitur,
367 1397 404 1463 in
426 1420 490 1482 qua
511 1397 624 1464 mundi
645 1397 730 1464 inest
752 1398 963 1484 principatus,
985 1399 1065 1464 haec

63 1486 161 1552 inesse
191 1508 323 1552 necesse
350 1490 414 1571 est,
444 1489 477 1552 et
505 1486 631 1552 acriora
658 1486 788 1570 quidem
811 1491 908 1571 atque
932 1487 1065 1552 maiora.

36 1572 217 1648 auuocirea
244 1575 424 1660 sapientem
452 1595 521 1642 esse
549 1574 704 1640 mundum
730 1595 861 1639 necesse
883 1577 948 1657 est,
973 1579 1066 1640 natu-

64 1683 194 1747 ramque
221 1683 307 1743 eam,
338 1684 420 1747 quae
447 1683 499 1730 res
527 1683 638 1729 omnes
665 1662 821 1746 conplexa
848 1664 970 1744 teneat,
996 1683 1066 1746 per-

63 1749 199 1816 fectione
221 1751 359 1816 rationis
383 1750 548 1834 excellere,
570 1771 671 1834 eoque
695 1749 790 1814 deum
813 1770 884 1814 esse
902 1748 1066 1833 mnndum,

66 1859 253 1923 omnemque
275 1839 343 1904 vim
361 1839 472 1904 mundi
488 1843 608 1904 natura
625 1837 734 1903 divina
753 1836 919 1902 contineri.
957 1837 1067 1920 Atque

66 1926 159 1992 etiam
187 1927 302 1992 mundi
323 1926 381 1992 ille
403 1926 512 1992 fervor
533 1926 658 2012 purior,
684 1924 880 2010 perlucidior
902 1925 1066 1990 mobilior·

38 2029 121 2098 ”que
142 2021 190 2082 est
210 2016 314 2080 multo
335 2015 376 2080 ob
395 2035 513 2099 easque
532 2035 646 2080 causas
665 2013 774 2099 aptior
791 2013 833 2078 ad
851 2035 964 2079 sensus
983 2035 1067 2079 oom-

67 2103 237 2168 morendos
261 2124 358 2187 qnam
376 2102 429 2167 hic
446 2106 557 2166 noster
575 2103 672 2186 calor,
696 2124 759 2186 quo
777 2101 865 2186 haec,
889 2124 970 2187 quae
988 2105 1068 2166 nota

66 2191 156 2256 nobis
187 2194 276 2275 sunt,
308 2191 489 2256 retinentur
521 2194 554 2256 et
585 2190 705 2275 vigent.
750 2188 938 2256 Absurdum
964 2191 1066 2276 igitur
1085 2205 1118 2254 31

68 2283 112 2343 est
132 2279 248 2362 dicere,
269 2300 342 2346 cum
360 2278 507 2344 homines
526 2278 713 2362 bestiaeque
732 2278 794 2343 hoo
812 2279 919 2343 calore
937 2282 1067 2343 tenean-

67 2369 116 2432 tur
138 2371 171 2432 et
193 2370 367 2452 propterea
384 2369 575 2432 moveantur
594 2388 630 2431 aa
650 2366 801 2449 sentiant,
822 2365 978 2430 mundum
997 2387 1066 2429 esse

38 2455 132 2520 seina
161 2477 271 2540 sensu,
301 2455 356 2539 qui
384 2455 513 2539 integro
541 2457 574 2518 et
601 2454 704 2518 libero
732 2458 765 2518 et
786 2476 868 2538 puro
891 2452 1067 2536 eodemque

69 2543 220 2609 acerrimo
249 2547 282 2607 et
309 2543 525 2608 mobilissimo
548 2541 662 2607 ardore
685 2545 847 2624 teneatur,
874 2541 1067 2624 praesertim

69 2653 136 2696 oum
166 2632 195 2695 is
224 2631 335 2715 ardor,
367 2631 423 2715 qui
450 2634 500 2695 est
527 2630 651 2714 mundi,
681 2651 748 2694 non
771 2629 914 2714 agitatus
939 2628 979 2692 ab
1004 2629 1068 2692 alio

70 2740 165 2803 neque
194 2723 326 2784 externo
354 2720 465 2803 pulsu,
498 2718 554 2784 sed
580 2739 638 2802 per
661 2738 696 2782 se
717 2717 788 2801 ipse
811 2739 849 2781 ac
872 2738 931 2781 sua
953 2719 1069 2800 sponte

70 2812 241 2872 moveatur.
290 2805 377 2872 Nam
406 2805 483 2890 quid
512 2809 621 2891 potest
651 2826 721 2870 esse
750 2803 869 2869 mundo
898 2805 1070 2890 valentius,

40 2895 149 2977 ⁸⁰quod
176 2895 280 2980 pellat
308 2898 405 2979 atque
427 2898 557 2959 moveat
580 2894 721 2959 calorem
744 2913 830 2976 eum,
858 2914 921 2977 quo
944 2893 1001 2958 ille
1024 2897 1069 2957 te-

70 2985 201 3048 neatur?
251 2982 431 3048 Audiamus
465 2982 550 3046 enim
579 2981 751 3046 Platonem
783 2981 877 3065 quasi
909 2952 1122 3076 quendam13}

71 3069 159 3136 deum
177 3070 462 3155 philosophorum
480 3070 532 3135 cui
550 3069 613 3134 duo
629 3068 737 3153 placet
752 3089 821 3134 esse
835 3073 953 3152 motus,
970 3091 1070 3133 unum

70 3178 171 3242 suum,
199 3159 340 3223 alterum
363 3162 543 3240 externum,
571 3178 641 3221 esse
668 3161 777 3222 autem
800 3157 952 3238 divinius,
985 3155 1071 3238 quod

70 3245 172 3329 ipsum
196 3268 234 3311 ex
258 3267 292 3310 se
315 3268 375 3311 sua
397 3249 514 3330 sponte
536 3248 718 3327 moveatur,
747 3267 844 3328 quam
867 3243 953 3325 quod
974 3243 1072 3325 pulsu

43 3335 210 3418 tagitetur
238 3335 353 3398 alieno.
398 3332 493 3398 Hunc
516 3337 624 3397 autem
647 3336 772 3397 motum
794 3331 829 3394 in
852 3329 930 3392 solis
955 3329 1071 3392 animis

72 3442 136 3486 esse
162 3422 269 3507 ponit,
297 3422 338 3486 ab
362 3421 477 3505 hisque
499 3419 693 3505 principium
716 3421 824 3482 motus
848 3437 918 3480 esse
941 3414 1073 3480 ductum

73 3513 171 3591 putat.
218 3508 431 3595 Quapropter,
455 3507 607 3591 quoniam
631 3529 670 3570 ex
693 3504 803 3570 mundi
828 3502 941 3566 ardore
964 3506 1073 3565 motus
