<?xml version="1.0" encoding="UTF-8"?>
<!DOCTYPE html PUBLIC "-//W3C//DTD XHTML 1.0 Transitional//EN"
    "http://www.w3.org/TR/xhtml1/DTD/xhtml1-transitional.dtd">
<html xmlns="http://www.w3.org/1999/xhtml" xml:lang="en" lang="en">
 <head>
  <title>
</title>
<meta http-equiv="Content-Type" content="text/html;charset=utf-8" />
  <meta name='ocr-system' content='tesseract 3.04.00' />
  <meta name='ocr-capabilities' content='ocr_page ocr_carea ocr_par ocr_line ocrx_word'/>
</head>
<body>
  <div class='ocr_page' id='page_1' title='image "./mtulliiciceroni03mlgoog_0119.png"; bbox 0 0 2478 3936; ppageno 0'>
   <div class='ocr_carea' id='block_1_1' title="bbox 194 181 896 251">
    <p class='ocr_par' dir='ltr' id='par_1_1' title="bbox 194 181 896 251">
     <span class='ocr_line' id='line_1_1' title="bbox 194 181 896 251; baseline -0.01 -9"><span class='ocrx_word' id='word_1_1' title='bbox 194 188 240 251; x_wconf 82' lang='grc'><strong>66</strong></span> <span class='ocrx_word' id='word_1_2' title='bbox 504 185 553 240; x_wconf 82' lang='grc' dir='ltr'><strong>ΒΕ</strong></span> <span class='ocrx_word' id='word_1_3' title='bbox 572 183 724 240; x_wconf 81' lang='lat' dir='ltr'>NATURA</span> <span class='ocrx_word' id='word_1_4' title='bbox 742 181 896 238; x_wconf 81' lang='lat' dir='ltr'><strong>DEORUM</strong></span> 
     </span>
    </p>
   </div>
   <div class='ocr_carea' id='block_1_2' title="bbox 74 324 1235 2704">
    <p class='ocr_par' dir='ltr' id='par_1_2' title="bbox 196 324 1235 768">
     <span class='ocr_line' id='line_1_2' title="bbox 197 324 1235 416; baseline -0.008 -20"><span class='ocrx_word' id='word_1_5' title='bbox 197 330 371 416; x_wconf 82' lang='lat' dir='ltr'><strong>sphaeram</strong></span> <span class='ocrx_word' id='word_1_6' title='bbox 398 330 514 396; x_wconf 88' lang='lat' dir='ltr'><strong>stellae</strong></span> <span class='ocrx_word' id='word_1_7' title='bbox 540 327 722 394; x_wconf 86' lang='lat' dir='ltr'><strong>inerrantes</strong></span> <span class='ocrx_word' id='word_1_8' title='bbox 745 327 786 394; x_wconf 85' lang='lat' dir='ltr'><strong>ab</strong></span> <span class='ocrx_word' id='word_1_9' title='bbox 809 324 954 392; x_wconf 89' lang='lat' dir='ltr'><strong>aetheria</strong></span> <span class='ocrx_word' id='word_1_10' title='bbox 975 325 1235 390; x_wconf 84' lang='lat' dir='ltr'><strong>coniunctione</strong></span> 
     </span>
     <span class='ocr_line' id='line_1_3' title="bbox 197 416 1217 499; baseline -0.008 -15"><span class='ocrx_word' id='word_1_11' title='bbox 197 422 356 484; x_wconf 80' lang='lat' dir='ltr'>secretam</span> <span class='ocrx_word' id='word_1_12' title='bbox 383 423 416 484; x_wconf 90' lang='lat' dir='ltr'><strong>et</strong></span> <span class='ocrx_word' id='word_1_13' title='bbox 442 418 588 482; x_wconf 80' lang='lat' dir='ltr'><strong>liberam.</strong></span> <span class='ocrx_word' id='word_1_14' title='bbox 632 416 755 482; x_wconf 82' lang='lat' dir='ltr'><strong>Earum</strong></span> <span class='ocrx_word' id='word_1_15' title='bbox 779 420 886 480; x_wconf 88' lang='lat' dir='ltr'><strong>autem</strong></span> <span class='ocrx_word' id='word_1_16' title='bbox 909 434 1065 499; x_wconf 82' lang='lat' dir='ltr'>perennes</span> <span class='ocrx_word' id='word_1_17' title='bbox 1089 434 1217 478; x_wconf 89' lang='lat' dir='ltr'><strong>cursus</strong></span> 
     </span>
     <span class='ocr_line' id='line_1_4' title="bbox 197 501 1217 592; baseline -0.007 -21"><span class='ocrx_word' id='word_1_18' title='bbox 197 509 296 591; x_wconf 88' lang='lat' dir='ltr'><strong>atque</strong></span> <span class='ocrx_word' id='word_1_19' title='bbox 318 507 467 592; x_wconf 90' lang='lat' dir='ltr'><strong>perpetui</strong></span> <span class='ocrx_word' id='word_1_20' title='bbox 488 528 562 571; x_wconf 92' lang='lat' dir='ltr'><strong>cum</strong></span> <span class='ocrx_word' id='word_1_21' title='bbox 586 504 769 570; x_wconf 81' lang='lat' dir='ltr'><strong>admirabili</strong></span> <span class='ocrx_word' id='word_1_22' title='bbox 792 501 1035 585; x_wconf 81' lang='lat' dir='ltr'><strong>incredibilique</strong></span> <span class='ocrx_word' id='word_1_23' title='bbox 1053 505 1217 566; x_wconf 87' lang='lat' dir='ltr'><strong>constan-</strong></span> 
     </span>
     <span class='ocr_line' id='line_1_5' title="bbox 196 588 1217 672; baseline -0.006 -13"><span class='ocrx_word' id='word_1_24' title='bbox 196 593 246 659; x_wconf 91' lang='lat' dir='ltr'><strong>tia</strong></span> <span class='ocrx_word' id='word_1_25' title='bbox 268 594 433 660; x_wconf 86' lang='lat' dir='ltr'><strong>declarant</strong></span> <span class='ocrx_word' id='word_1_26' title='bbox 455 594 491 659; x_wconf 92' lang='lat' dir='ltr'><strong>in</strong></span> <span class='ocrx_word' id='word_1_27' title='bbox 511 593 564 658; x_wconf 92' lang='lat' dir='ltr'><strong>his</strong></span> <span class='ocrx_word' id='word_1_28' title='bbox 586 593 654 658; x_wconf 82' lang='lat' dir='ltr'><strong>rim</strong></span> <span class='ocrx_word' id='word_1_29' title='bbox 677 596 710 657; x_wconf 89' lang='lat' dir='ltr'><strong>et</strong></span> <span class='ocrx_word' id='word_1_30' title='bbox 733 595 873 658; x_wconf 89' lang='lat' dir='ltr'><strong>mentem</strong></span> <span class='ocrx_word' id='word_1_31' title='bbox 892 611 961 654; x_wconf 90' lang='lat' dir='ltr'><strong>esse</strong></span> <span class='ocrx_word' id='word_1_32' title='bbox 980 588 1137 672; x_wconf 88' lang='lat' dir='ltr'><strong>divinam,</strong></span> <span class='ocrx_word' id='word_1_33' title='bbox 1164 591 1217 672; x_wconf 92' lang='lat' dir='ltr'><strong>ut,</strong></span> 
     </span>
     <span class='ocr_line' id='line_1_6' title="bbox 198 676 1235 768; baseline 0 -22"><span class='ocrx_word' id='word_1_34' title='bbox 198 682 279 748; x_wconf 88' lang='lat' dir='ltr'><strong>haec</strong></span> <span class='ocrx_word' id='word_1_35' title='bbox 298 682 371 768; x_wconf 90' lang='lat' dir='ltr'><strong>ipsa</strong></span> <span class='ocrx_word' id='word_1_36' title='bbox 389 683 445 767; x_wconf 90' lang='lat' dir='ltr'><strong>qui</strong></span> <span class='ocrx_word' id='word_1_37' title='bbox 461 704 529 748; x_wconf 89' lang='lat' dir='ltr'><strong>non</strong></span> <span class='ocrx_word' id='word_1_38' title='bbox 547 681 668 746; x_wconf 88' lang='lat' dir='ltr'><strong>sentiat</strong></span> <span class='ocrx_word' id='word_1_39' title='bbox 687 681 819 744; x_wconf 88' lang='lat' dir='ltr'><strong>deorum</strong></span> <span class='ocrx_word' id='word_1_40' title='bbox 836 679 903 744; x_wconf 87' lang='lat' dir='ltr'><strong>vim</strong></span> <span class='ocrx_word' id='word_1_41' title='bbox 920 676 1050 761; x_wconf 86' lang='lat' dir='ltr'><strong>habere,</strong></span> <span class='ocrx_word' id='word_1_42' title='bbox 1072 677 1102 742; x_wconf 85' lang='lat' dir='ltr'><strong>is</strong></span> <span class='ocrx_word' id='word_1_43' title='bbox 1120 677 1216 742; x_wconf 92' lang='lat' dir='ltr'><strong>nihil</strong></span> <span class='ocrx_word' id='word_1_44' title='bbox 1234 741 1235 746; x_wconf 73' lang='grc'>,</span> 
     </span>
    </p>

    <p class='ocr_par' dir='ltr' id='par_1_3' title="bbox 74 765 1216 1120">
     <span class='ocr_line' id='line_1_7' title="bbox 135 765 1216 852; baseline -0.004 -18"><span class='ocrx_word' id='word_1_45' title='bbox 135 785 179 834; x_wconf 73' lang='lat' dir='ltr'><strong>&#39;ss</strong></span> <span class='ocrx_word' id='word_1_46' title='bbox 200 771 331 835; x_wconf 91' lang='lat' dir='ltr'><strong>omnino</strong></span> <span class='ocrx_word' id='word_1_47' title='bbox 355 792 507 836; x_wconf 88' lang='lat' dir='ltr'><strong>sensurus</strong></span> <span class='ocrx_word' id='word_1_48' title='bbox 531 791 601 835; x_wconf 90' lang='lat' dir='ltr'><strong>csse</strong></span> <span class='ocrx_word' id='word_1_49' title='bbox 623 769 780 834; x_wconf 78' lang='lat' dir='ltr'><strong>videatur.</strong></span> <span class='ocrx_word' id='word_1_50' title='bbox 815 765 916 832; x_wconf 90' lang='lat' dir='ltr'><strong>Nulla</strong></span> <span class='ocrx_word' id='word_1_51' title='bbox 939 765 1040 852; x_wconf 83' lang='lat' dir='ltr'><strong>igitur</strong></span> <span class='ocrx_word' id='word_1_52' title='bbox 1059 765 1216 830; x_wconf 91' lang='lat' dir='ltr'><strong>incaelo</strong></span> 
     </span>
     <span class='ocr_line' id='line_1_8' title="bbox 74 853 1216 924; baseline -0.005 0"><span class='ocrx_word' id='word_1_53' title='bbox 74 907 79 915; x_wconf 81' lang='lat'>-</span> <span class='ocrx_word' id='word_1_54' title='bbox 198 879 258 924; x_wconf 87' lang='lat' dir='ltr'><strong>nec</strong></span> <span class='ocrx_word' id='word_1_55' title='bbox 278 858 412 924; x_wconf 84' lang='lat' dir='ltr'><strong>fortuna</strong></span> <span class='ocrx_word' id='word_1_56' title='bbox 433 880 492 924; x_wconf 91' lang='lat' dir='ltr'><strong>nec</strong></span> <span class='ocrx_word' id='word_1_57' title='bbox 513 857 682 922; x_wconf 89' lang='lat' dir='ltr'><strong>temeritas</strong></span> <span class='ocrx_word' id='word_1_58' title='bbox 704 878 764 922; x_wconf 91' lang='lat' dir='ltr'><strong>nec</strong></span> <span class='ocrx_word' id='word_1_59' title='bbox 786 854 905 920; x_wconf 87' lang='lat' dir='ltr'><strong>erratio</strong></span> <span class='ocrx_word' id='word_1_60' title='bbox 927 875 986 919; x_wconf 90' lang='lat' dir='ltr'><strong>nec</strong></span> <span class='ocrx_word' id='word_1_61' title='bbox 1009 853 1144 919; x_wconf 87' lang='lat' dir='ltr'><strong>vanitas</strong></span> <span class='ocrx_word' id='word_1_62' title='bbox 1165 855 1216 918; x_wconf 89' lang='lat' dir='ltr'><strong>in-</strong></span> 
     </span>
     <span class='ocr_line' id='line_1_9' title="bbox 200 942 1216 1031; baseline -0.007 -19"><span class='ocrx_word' id='word_1_63' title='bbox 200 950 249 1012; x_wconf 92' lang='lat' dir='ltr'><strong>est</strong></span> <span class='ocrx_word' id='word_1_64' title='bbox 272 951 447 1031; x_wconf 77' lang='lat' dir='ltr'><strong>contraque</strong></span> <span class='ocrx_word' id='word_1_65' title='bbox 471 946 576 1012; x_wconf 90' lang='lat' dir='ltr'><strong>omnis</strong></span> <span class='ocrx_word' id='word_1_66' title='bbox 600 945 694 1029; x_wconf 91' lang='lat' dir='ltr'><strong>ordo,</strong></span> <span class='ocrx_word' id='word_1_67' title='bbox 721 944 856 1028; x_wconf 86' lang='lat' dir='ltr'><strong>veritas,</strong></span> <span class='ocrx_word' id='word_1_68' title='bbox 882 942 980 1026; x_wconf 89' lang='lat' dir='ltr'><strong>ratio,</strong></span> <span class='ocrx_word' id='word_1_69' title='bbox 1005 942 1216 1025; x_wconf 79' lang='lat' dir='ltr'><strong>constantia3</strong></span> 
     </span>
     <span class='ocr_line' id='line_1_10' title="bbox 200 1031 1214 1120; baseline -0.005 -21"><span class='ocrx_word' id='word_1_70' title='bbox 200 1057 344 1120; x_wconf 89' lang='lat' dir='ltr'><strong>quaeque</strong></span> <span class='ocrx_word' id='word_1_71' title='bbox 362 1035 414 1100; x_wconf 91' lang='lat' dir='ltr'><strong>his</strong></span> <span class='ocrx_word' id='word_1_72' title='bbox 433 1038 550 1101; x_wconf 85' lang='lat' dir='ltr'><strong>vacant</strong></span> <span class='ocrx_word' id='word_1_73' title='bbox 569 1034 725 1098; x_wconf 86' lang='lat' dir='ltr'><strong>ementita</strong></span> <span class='ocrx_word' id='word_1_74' title='bbox 743 1035 776 1096; x_wconf 91' lang='lat' dir='ltr'><strong>et</strong></span> <span class='ocrx_word' id='word_1_75' title='bbox 793 1031 878 1097; x_wconf 86' lang='lat' dir='ltr'><strong>falsa</strong></span> <span class='ocrx_word' id='word_1_76' title='bbox 894 1031 1055 1116; x_wconf 89' lang='lat' dir='ltr'><strong>plenaque</strong></span> <span class='ocrx_word' id='word_1_77' title='bbox 1074 1031 1214 1113; x_wconf 78' lang='lat' dir='ltr'><strong>erroriS,</strong></span> 
     </span>
    </p>

    <p class='ocr_par' dir='ltr' id='par_1_4' title="bbox 140 1118 1235 2704">
     <span class='ocr_line' id='line_1_11' title="bbox 199 1118 1235 1218; baseline -0.005 -31"><span class='ocrx_word' id='word_1_78' title='bbox 199 1145 238 1187; x_wconf 89' lang='lat' dir='ltr'><strong>ea</strong></span> <span class='ocrx_word' id='word_1_79' title='bbox 265 1123 385 1188; x_wconf 90' lang='lat' dir='ltr'><strong>circum</strong></span> <span class='ocrx_word' id='word_1_80' title='bbox 412 1127 517 1188; x_wconf 87' lang='lat' dir='ltr'><strong>terras</strong></span> <span class='ocrx_word' id='word_1_81' title='bbox 544 1120 630 1187; x_wconf 87' lang='lat' dir='ltr'><strong>infra</strong></span> <span class='ocrx_word' id='word_1_82' title='bbox 656 1121 781 1204; x_wconf 89' lang='lat' dir='ltr'><strong>lunam,</strong></span> <span class='ocrx_word' id='word_1_83' title='bbox 810 1141 891 1204; x_wconf 91' lang='lat' dir='ltr'><strong>quae</strong></span> <span class='ocrx_word' id='word_1_84' title='bbox 918 1119 1064 1184; x_wconf 91' lang='lat' dir='ltr'><strong>omnium</strong></span> <span class='ocrx_word' id='word_1_85' title='bbox 1086 1118 1235 1218; x_wconf 60' lang='lat' dir='ltr'><strong>ultimaq</strong></span> 
     </span>
     <span class='ocr_line' id='line_1_12' title="bbox 199 1206 1235 1294; baseline -0.002 -20"><span class='ocrx_word' id='word_1_86' title='bbox 199 1213 259 1292; x_wconf 88' lang='lat' dir='ltr'><strong>est,</strong></span> <span class='ocrx_word' id='word_1_87' title='bbox 281 1210 316 1275; x_wconf 92' lang='lat' dir='ltr'><strong>in</strong></span> <span class='ocrx_word' id='word_1_88' title='bbox 338 1210 497 1294; x_wconf 89' lang='lat' dir='ltr'><strong>terrisque</strong></span> <span class='ocrx_word' id='word_1_89' title='bbox 519 1212 700 1276; x_wconf 79' lang='lat' dir='ltr'><strong>versantur.</strong></span> <span class='ocrx_word' id='word_1_90' title='bbox 745 1207 941 1274; x_wconf 84' lang='lat' dir='ltr'><strong>Caelestium</strong></span> <span class='ocrx_word' id='word_1_91' title='bbox 964 1227 1043 1292; x_wconf 85' lang='lat' dir='ltr'><strong>ergo</strong></span> <span class='ocrx_word' id='word_1_92' title='bbox 1067 1206 1235 1273; x_wconf 55' lang='lat' dir='ltr'><strong>admira-¹</strong></span> 
     </span>
     <span class='ocr_line' id='line_1_13' title="bbox 198 1294 1214 1382; baseline -0.001 -22"><span class='ocrx_word' id='word_1_93' title='bbox 198 1296 299 1360; x_wconf 91' lang='lat' dir='ltr'><strong>bilem</strong></span> <span class='ocrx_word' id='word_1_94' title='bbox 326 1297 471 1362; x_wconf 85' lang='lat' dir='ltr'><strong>ordinem</strong></span> <span class='ocrx_word' id='word_1_95' title='bbox 497 1297 781 1382; x_wconf 79' lang='lat' dir='ltr'><strong>incredibilemque</strong></span> <span class='ocrx_word' id='word_1_96' title='bbox 809 1294 1039 1379; x_wconf 88' lang='lat' dir='ltr'><strong>constantiam,</strong></span> <span class='ocrx_word' id='word_1_97' title='bbox 1073 1317 1113 1360; x_wconf 85' lang='lat' dir='ltr'><strong>ex</strong></span> <span class='ocrx_word' id='word_1_98' title='bbox 1143 1317 1214 1379; x_wconf 88' lang='lat' dir='ltr'><strong>qua</strong></span> 
     </span>
     <span class='ocr_line' id='line_1_14' title="bbox 200 1383 1213 1467; baseline -0.002 -18"><span class='ocrx_word' id='word_1_99' title='bbox 200 1385 401 1450; x_wconf 79' lang='lat' dir='ltr'><strong>conservatio</strong></span> <span class='ocrx_word' id='word_1_100' title='bbox 431 1388 464 1450; x_wconf 92' lang='lat' dir='ltr'><strong>et</strong></span> <span class='ocrx_word' id='word_1_101' title='bbox 494 1387 581 1450; x_wconf 91' lang='lat' dir='ltr'><strong>salus</strong></span> <span class='ocrx_word' id='word_1_102' title='bbox 612 1387 756 1452; x_wconf 90' lang='lat' dir='ltr'><strong>omnium</strong></span> <span class='ocrx_word' id='word_1_103' title='bbox 786 1383 889 1450; x_wconf 91' lang='lat' dir='ltr'><strong>omnis</strong></span> <span class='ocrx_word' id='word_1_104' title='bbox 919 1383 1036 1466; x_wconf 88' lang='lat' dir='ltr'><strong>oritur,</strong></span> <span class='ocrx_word' id='word_1_105' title='bbox 1067 1384 1123 1467; x_wconf 91' lang='lat' dir='ltr'><strong>qui</strong></span> <span class='ocrx_word' id='word_1_106' title='bbox 1155 1406 1213 1448; x_wconf 86' lang='lat' dir='ltr'><strong>va-</strong></span> 
     </span>
     <span class='ocr_line' id='line_1_15' title="bbox 199 1470 1212 1560; baseline -0.001 -23"><span class='ocrx_word' id='word_1_107' title='bbox 199 1494 272 1538; x_wconf 90' lang='lat' dir='ltr'><strong>care</strong></span> <span class='ocrx_word' id='word_1_108' title='bbox 304 1476 412 1538; x_wconf 89' lang='lat' dir='ltr'><strong>mente</strong></span> <span class='ocrx_word' id='word_1_109' title='bbox 443 1477 552 1559; x_wconf 87' lang='lat' dir='ltr'><strong>putat,</strong></span> <span class='ocrx_word' id='word_1_110' title='bbox 583 1474 612 1539; x_wconf 90' lang='lat' dir='ltr'><strong>is</strong></span> <span class='ocrx_word' id='word_1_111' title='bbox 644 1475 714 1560; x_wconf 92' lang='lat' dir='ltr'><strong>ipse</strong></span> <span class='ocrx_word' id='word_1_112' title='bbox 746 1472 863 1538; x_wconf 90' lang='lat' dir='ltr'><strong>mentis</strong></span> <span class='ocrx_word' id='word_1_113' title='bbox 895 1493 1007 1557; x_wconf 84' lang='lat' dir='ltr'><strong>expers</strong></span> <span class='ocrx_word' id='word_1_114' title='bbox 1034 1470 1212 1536; x_wconf 90' lang='lat' dir='ltr'><strong>habendus</strong></span> 
     </span>
     <span class='ocr_line' id='line_1_16' title="bbox 146 1559 1211 1649; baseline -0.002 -24"><span class='ocrx_word' id='word_1_115' title='bbox 146 1583 179 1633; x_wconf 76' lang='lat'><strong>57</strong></span> <span class='ocrx_word' id='word_1_116' title='bbox 200 1564 258 1625; x_wconf 90' lang='lat' dir='ltr'><strong>est.</strong></span> <span class='ocrx_word' id='word_1_117' title='bbox 303 1560 400 1626; x_wconf 90' lang='lat' dir='ltr'><strong>Haud</strong></span> <span class='ocrx_word' id='word_1_118' title='bbox 427 1583 518 1648; x_wconf 82' lang='lat' dir='ltr'><strong>ergo,</strong></span> <span class='ocrx_word' id='word_1_119' title='bbox 547 1565 585 1626; x_wconf 91' lang='lat' dir='ltr'><strong>ut</strong></span> <span class='ocrx_word' id='word_1_120' title='bbox 611 1563 739 1649; x_wconf 83' lang='lat' dir='ltr'><strong>opinor,</strong></span> <span class='ocrx_word' id='word_1_121' title='bbox 770 1582 932 1644; x_wconf 77' lang='lat' dir='ltr'><strong>errarem,</strong></span> <span class='ocrx_word' id='word_1_122' title='bbox 963 1559 992 1624; x_wconf 90' lang='lat' dir='ltr'><strong>si</strong></span> <span class='ocrx_word' id='word_1_123' title='bbox 1014 1582 1034 1624; x_wconf 90' lang='lat' dir='ltr'><strong>a</strong></span> <span class='ocrx_word' id='word_1_124' title='bbox 1056 1559 1211 1645; x_wconf 85' lang='lat' dir='ltr'><strong>principe</strong></span> 
     </span>
     <span class='ocr_line' id='line_1_17' title="bbox 198 1647 1235 1738; baseline 0 -24"><span class='ocrx_word' id='word_1_125' title='bbox 198 1649 442 1738; x_wconf 77' lang='lat' dir='ltr'><strong>investigandae</strong></span> <span class='ocrx_word' id='word_1_126' title='bbox 465 1650 613 1716; x_wconf 85' lang='lat' dir='ltr'><strong>veritatis</strong></span> <span class='ocrx_word' id='word_1_127' title='bbox 636 1651 732 1716; x_wconf 91' lang='lat' dir='ltr'><strong>huius</strong></span> <span class='ocrx_word' id='word_1_128' title='bbox 756 1648 985 1736; x_wconf 87' lang='lat' dir='ltr'><strong>disputationis</strong></span> <span class='ocrx_word' id='word_1_129' title='bbox 1008 1647 1211 1733; x_wconf 86' lang='lat' dir='ltr'><strong>principium</strong></span> <span class='ocrx_word' id='word_1_130' title='bbox 1234 1693 1235 1720; x_wconf 42' lang='lat' dir='ltr'><strong>r</strong></span> 
     </span>
     <span class='ocr_line' id='line_1_18' title="bbox 200 1738 1235 1820; baseline 0.001 -18"><span class='ocrx_word' id='word_1_131' title='bbox 200 1738 329 1804; x_wconf 86' lang='lat' dir='ltr'><strong>duxero.</strong></span> <span class='ocrx_word' id='word_1_132' title='bbox 1234 1789 1235 1820; x_wconf 41' lang='lat' dir='ltr'><strong>c</strong></span> 
     </span>
     <span class='ocr_line' id='line_1_19' title="bbox 146 1823 1235 1913; baseline -0.002 -21"><span class='ocrx_word' id='word_1_133' title='bbox 146 1828 189 1892; x_wconf 82' lang='lat'><strong>22</strong></span> <span class='ocrx_word' id='word_1_134' title='bbox 265 1826 351 1892; x_wconf 86' lang='lat' dir='ltr'><strong>Zeno</strong></span> <span class='ocrx_word' id='word_1_135' title='bbox 369 1828 471 1913; x_wconf 81' lang='lat' dir='ltr'><strong>igitur</strong></span> <span class='ocrx_word' id='word_1_136' title='bbox 488 1830 639 1892; x_wconf 90' lang='lat' dir='ltr'><strong>naturam</strong></span> <span class='ocrx_word' id='word_1_137' title='bbox 652 1827 701 1891; x_wconf 87' lang='lat' dir='ltr'><strong>ita</strong></span> <span class='ocrx_word' id='word_1_138' title='bbox 715 1827 835 1910; x_wconf 87' lang='lat' dir='ltr'><strong>definit,</strong></span> <span class='ocrx_word' id='word_1_139' title='bbox 854 1829 891 1890; x_wconf 90' lang='lat' dir='ltr'><strong>nt</strong></span> <span class='ocrx_word' id='word_1_140' title='bbox 906 1847 977 1891; x_wconf 90' lang='lat' dir='ltr'><strong>earn</strong></span> <span class='ocrx_word' id='word_1_141' title='bbox 992 1824 1078 1889; x_wconf 88' lang='lat' dir='ltr'><strong>dicat</strong></span> <span class='ocrx_word' id='word_1_142' title='bbox 1091 1823 1211 1909; x_wconf 81' lang='lat' dir='ltr'><strong>ignem</strong></span> <span class='ocrx_word' id='word_1_143' title='bbox 1234 1857 1235 1910; x_wconf 57' lang='lat' dir='ltr'><strong>q</strong></span> 
     </span>
     <span class='ocr_line' id='line_1_20' title="bbox 199 1913 1235 2001; baseline -0.005 -24"><span class='ocrx_word' id='word_1_144' title='bbox 199 1935 269 1978; x_wconf 91' lang='lat' dir='ltr'><strong>esse</strong></span> <span class='ocrx_word' id='word_1_145' title='bbox 304 1915 528 1999; x_wconf 89' lang='lat' dir='ltr'><strong>artificiosum,</strong></span> <span class='ocrx_word' id='word_1_146' title='bbox 560 1915 601 1979; x_wconf 89' lang='lat' dir='ltr'><strong>ad</strong></span> <span class='ocrx_word' id='word_1_147' title='bbox 628 1915 825 2001; x_wconf 81' lang='lat' dir='ltr'><strong>gignendum</strong></span> <span class='ocrx_word' id='word_1_148' title='bbox 852 1913 1114 1999; x_wconf 84' lang='lat' dir='ltr'><strong>progredientem</strong></span> <span class='ocrx_word' id='word_1_149' title='bbox 1141 1913 1235 1978; x_wconf 76' lang='lat' dir='ltr'><strong>rial</strong></span> 
     </span>
     <span class='ocr_line' id='line_1_21' title="bbox 199 1981 1235 2112; baseline -0.001 -46"><span class='ocrx_word' id='word_1_150' title='bbox 199 2000 317 2066; x_wconf 79' lang='lat' dir='ltr'><strong>Censet</strong></span> <span class='ocrx_word' id='word_1_151' title='bbox 344 2003 430 2067; x_wconf 92' lang='lat' dir='ltr'><strong>enim</strong></span> <span class='ocrx_word' id='word_1_152' title='bbox 460 2003 540 2068; x_wconf 86' lang='lat' dir='ltr'><strong>artis</strong></span> <span class='ocrx_word' id='word_1_153' title='bbox 571 2025 719 2068; x_wconf 87' lang='lat' dir='ltr'><strong>maxume</strong></span> <span class='ocrx_word' id='word_1_154' title='bbox 745 2002 913 2088; x_wconf 90' lang='lat' dir='ltr'><strong>proprium</strong></span> <span class='ocrx_word' id='word_1_155' title='bbox 941 2023 1011 2066; x_wconf 91' lang='lat' dir='ltr'><strong>esse</strong></span> <span class='ocrx_word' id='word_1_156' title='bbox 1038 2022 1150 2066; x_wconf 88' lang='lat' dir='ltr'><strong>creare</strong></span> <span class='ocrx_word' id='word_1_157' title='bbox 1177 1981 1235 2112; x_wconf 50' lang='lat' dir='ltr'><strong>eti</strong></span> 
     </span>
     <span class='ocr_line' id='line_1_22' title="bbox 200 2089 1235 2176; baseline 0.003 -25"><span class='ocrx_word' id='word_1_158' title='bbox 200 2089 345 2174; x_wconf 72' lang='lat' dir='ltr'><strong>gignere,</strong></span> <span class='ocrx_word' id='word_1_159' title='bbox 373 2091 522 2175; x_wconf 88' lang='lat' dir='ltr'><strong>quodque</strong></span> <span class='ocrx_word' id='word_1_160' title='bbox 548 2092 584 2156; x_wconf 94' lang='lat' dir='ltr'><strong>in</strong></span> <span class='ocrx_word' id='word_1_161' title='bbox 611 2090 762 2176; x_wconf 89' lang='lat' dir='ltr'><strong>operibus</strong></span> <span class='ocrx_word' id='word_1_162' title='bbox 784 2094 971 2155; x_wconf 89' lang='lat' dir='ltr'><strong>nostrarum</strong></span> <span class='ocrx_word' id='word_1_163' title='bbox 994 2089 1114 2154; x_wconf 88' lang='lat' dir='ltr'><strong>artium</strong></span> <span class='ocrx_word' id='word_1_164' title='bbox 1137 2111 1210 2154; x_wconf 90' lang='lat' dir='ltr'><strong>rna-</strong></span> <span class='ocrx_word' id='word_1_165' title='bbox 1234 2115 1235 2168; x_wconf 76' lang='lat' dir='ltr'><strong>l</strong></span> 
     </span>
     <span class='ocr_line' id='line_1_23' title="bbox 199 2175 1235 2262; baseline 0.004 -24"><span class='ocrx_word' id='word_1_166' title='bbox 199 2197 259 2239; x_wconf 89' lang='lat' dir='ltr'><strong>nus</strong></span> <span class='ocrx_word' id='word_1_167' title='bbox 283 2175 411 2262; x_wconf 89' lang='lat' dir='ltr'><strong>efficiat,</strong></span> <span class='ocrx_word' id='word_1_168' title='bbox 434 2178 467 2242; x_wconf 95' lang='lat' dir='ltr'><strong>id</strong></span> <span class='ocrx_word' id='word_1_169' title='bbox 490 2180 594 2244; x_wconf 91' lang='lat' dir='ltr'><strong>multo</strong></span> <span class='ocrx_word' id='word_1_170' title='bbox 617 2179 824 2244; x_wconf 88' lang='lat' dir='ltr'><strong>artificiosius</strong></span> <span class='ocrx_word' id='word_1_171' title='bbox 842 2183 994 2244; x_wconf 87' lang='lat' dir='ltr'><strong>naturam</strong></span> <span class='ocrx_word' id='word_1_172' title='bbox 1012 2177 1150 2260; x_wconf 88' lang='lat' dir='ltr'><strong>efficere,</strong></span> <span class='ocrx_word' id='word_1_173' title='bbox 1175 2178 1211 2242; x_wconf 92' lang='lat' dir='ltr'><strong>id</strong></span> <span class='ocrx_word' id='word_1_174' title='bbox 1234 2175 1235 2249; x_wconf 80' lang='lat' dir='ltr'><strong>l</strong></span> 
     </span>
     <span class='ocr_line' id='line_1_24' title="bbox 200 2257 1235 2353; baseline 0.003 -26"><span class='ocrx_word' id='word_1_175' title='bbox 200 2267 263 2347; x_wconf 86' lang='lat' dir='ltr'><strong>est,</strong></span> <span class='ocrx_word' id='word_1_176' title='bbox 294 2267 332 2328; x_wconf 90' lang='lat' dir='ltr'><strong>ut</strong></span> <span class='ocrx_word' id='word_1_177' title='bbox 359 2265 437 2350; x_wconf 90' lang='lat' dir='ltr'><strong>dixi,</strong></span> <span class='ocrx_word' id='word_1_178' title='bbox 469 2266 579 2352; x_wconf 86' lang='lat' dir='ltr'><strong>ignem</strong></span> <span class='ocrx_word' id='word_1_179' title='bbox 607 2266 829 2351; x_wconf 88' lang='lat' dir='ltr'><strong>artificiosum,</strong></span> <span class='ocrx_word' id='word_1_180' title='bbox 861 2267 1055 2353; x_wconf 86' lang='lat' dir='ltr'><strong>magistrum</strong></span> <span class='ocrx_word' id='word_1_181' title='bbox 1083 2265 1209 2330; x_wconf 86' lang='lat' dir='ltr'><strong>artium</strong></span> <span class='ocrx_word' id='word_1_182' title='bbox 1234 2257 1235 2346; x_wconf 75' lang='lat' dir='ltr'><strong>l</strong></span> 
     </span>
     <span class='ocr_line' id='line_1_25' title="bbox 199 2352 1209 2440; baseline 0.002 -24"><span class='ocrx_word' id='word_1_183' title='bbox 199 2352 405 2437; x_wconf 89' lang='lat' dir='ltr'><strong>reliquarum.</strong></span> <span class='ocrx_word' id='word_1_184' title='bbox 442 2354 550 2440; x_wconf 85' lang='lat' dir='ltr'><strong>Atque</strong></span> <span class='ocrx_word' id='word_1_185' title='bbox 573 2355 634 2420; x_wconf 93' lang='lat' dir='ltr'><strong>hac</strong></span> <span class='ocrx_word' id='word_1_186' title='bbox 657 2354 785 2439; x_wconf 90' lang='lat' dir='ltr'><strong>quidem</strong></span> <span class='ocrx_word' id='word_1_187' title='bbox 808 2355 933 2420; x_wconf 90' lang='lat' dir='ltr'><strong>ratione</strong></span> <span class='ocrx_word' id='word_1_188' title='bbox 957 2354 1061 2420; x_wconf 90' lang='lat' dir='ltr'><strong>omnis</strong></span> <span class='ocrx_word' id='word_1_189' title='bbox 1084 2356 1209 2418; x_wconf 84' lang='lat' dir='ltr'><strong>nature</strong></span> 
     </span>
     <span class='ocr_line' id='line_1_26' title="bbox 200 2441 1235 2538; baseline -0.001 -32"><span class='ocrx_word' id='word_1_190' title='bbox 200 2441 375 2507; x_wconf 86' lang='lat' dir='ltr'><strong>artificiosa</strong></span> <span class='ocrx_word' id='word_1_191' title='bbox 389 2490 392 2500; x_wconf 89' lang='lat'>.</span> <span class='ocrx_word' id='word_1_192' title='bbox 407 2445 470 2528; x_wconf 90' lang='lat' dir='ltr'><strong>est,</strong></span> <span class='ocrx_word' id='word_1_193' title='bbox 502 2443 588 2527; x_wconf 89' lang='lat' dir='ltr'><strong>quod</strong></span> <span class='ocrx_word' id='word_1_194' title='bbox 619 2443 719 2508; x_wconf 87' lang='lat' dir='ltr'><strong>habet</strong></span> <span class='ocrx_word' id='word_1_195' title='bbox 747 2443 839 2528; x_wconf 84' lang='lat' dir='ltr'><strong>quasi</strong></span> <span class='ocrx_word' id='word_1_196' title='bbox 866 2443 953 2508; x_wconf 87' lang='lat' dir='ltr'><strong>viam</strong></span> <span class='ocrx_word' id='word_1_197' title='bbox 981 2441 1144 2527; x_wconf 89' lang='lat' dir='ltr'><strong>quandam</strong></span> <span class='ocrx_word' id='word_1_198' title='bbox 1175 2443 1235 2538; x_wconf 67' lang='lat' dir='ltr'><strong>etq&#39;</strong></span> 
     </span>
     <span class='ocr_line' id='line_1_27' title="bbox 140 2529 1210 2616; baseline 0.007 -28"><span class='ocrx_word' id='word_1_199' title='bbox 140 2539 182 2588; x_wconf 51' lang='lat'><strong>¹¹58</strong></span> <span class='ocrx_word' id='word_1_200' title='bbox 203 2532 334 2615; x_wconf 90' lang='lat' dir='ltr'><strong>sectam,</strong></span> <span class='ocrx_word' id='word_1_201' title='bbox 358 2553 456 2615; x_wconf 88' lang='lat' dir='ltr'><strong>quam</strong></span> <span class='ocrx_word' id='word_1_202' title='bbox 474 2535 636 2615; x_wconf 88' lang='lat' dir='ltr'><strong>sequatur.</strong></span> <span class='ocrx_word' id='word_1_203' title='bbox 672 2530 778 2616; x_wconf 89' lang='lat' dir='ltr'><strong>Ipsius</strong></span> <span class='ocrx_word' id='word_1_204' title='bbox 793 2530 1003 2614; x_wconf 82' lang='lat' dir='ltr'><strong>veremundi,</strong></span> <span class='ocrx_word' id='word_1_205' title='bbox 1026 2529 1082 2615; x_wconf 89' lang='lat' dir='ltr'><strong>qui</strong></span> <span class='ocrx_word' id='word_1_206' title='bbox 1096 2530 1210 2596; x_wconf 85' lang='lat' dir='ltr'><strong>omnia</strong></span> 
     </span>
     <span class='ocr_line' id='line_1_28' title="bbox 200 2617 1235 2704; baseline 0.001 -23"><span class='ocrx_word' id='word_1_207' title='bbox 200 2619 357 2702; x_wconf 85' lang='lat' dir='ltr'><strong>conplexu</strong></span> <span class='ocrx_word' id='word_1_208' title='bbox 376 2640 434 2683; x_wconf 91' lang='lat' dir='ltr'><strong>suo</strong></span> <span class='ocrx_word' id='word_1_209' title='bbox 454 2623 579 2684; x_wconf 86' lang='lat' dir='ltr'><strong>co‘e&#39;rcet</strong></span> <span class='ocrx_word' id='word_1_210' title='bbox 593 2622 626 2684; x_wconf 90' lang='lat' dir='ltr'><strong>et</strong></span> <span class='ocrx_word' id='word_1_211' title='bbox 639 2621 793 2704; x_wconf 89' lang='lat' dir='ltr'><strong>continet,</strong></span> <span class='ocrx_word' id='word_1_212' title='bbox 814 2622 934 2684; x_wconf 89' lang='lat' dir='ltr'><strong>natura</strong></span> <span class='ocrx_word' id='word_1_213' title='bbox 946 2640 1012 2684; x_wconf 90' lang='lat' dir='ltr'><strong>non</strong></span> <span class='ocrx_word' id='word_1_214' title='bbox 1026 2617 1208 2684; x_wconf 87' lang='lat' dir='ltr'><strong>artificiosa</strong></span> <span class='ocrx_word' id='word_1_215' title='bbox 1234 2631 1235 2694; x_wconf 61' lang='lat' dir='ltr'><strong>l</strong></span> 
     </span>
    </p>
   </div>
   <div class='ocr_carea' id='block_1_3' title="bbox 169 2705 1235 3496">
    <p class='ocr_par' dir='ltr' id='par_1_5' title="bbox 200 2705 1235 3244">
     <span class='ocr_line' id='line_1_29' title="bbox 201 2705 1208 2791; baseline 0.002 -23"><span class='ocrx_word' id='word_1_216' title='bbox 201 2705 318 2788; x_wconf 90' lang='lat' dir='ltr'><strong>solum,</strong></span> <span class='ocrx_word' id='word_1_217' title='bbox 352 2705 408 2770; x_wconf 86' lang='lat' dir='ltr'><strong>sed</strong></span> <span class='ocrx_word' id='word_1_218' title='bbox 438 2706 536 2791; x_wconf 90' lang='lat' dir='ltr'><strong>plane</strong></span> <span class='ocrx_word' id='word_1_219' title='bbox 564 2705 681 2772; x_wconf 83' lang='lat' dir='ltr'><strong>artifex</strong></span> <span class='ocrx_word' id='word_1_220' title='bbox 713 2708 754 2772; x_wconf 91' lang='lat' dir='ltr'><strong>ab</strong></span> <span class='ocrx_word' id='word_1_221' title='bbox 785 2706 897 2773; x_wconf 91' lang='lat' dir='ltr'><strong>eodem</strong></span> <span class='ocrx_word' id='word_1_222' title='bbox 924 2705 1051 2772; x_wconf 90' lang='lat' dir='ltr'><strong>Zenone</strong></span> <span class='ocrx_word' id='word_1_223' title='bbox 1078 2705 1208 2788; x_wconf 88' lang='lat' dir='ltr'><strong>dicitur,</strong></span> 
     </span>
     <span class='ocr_line' id='line_1_30' title="bbox 200 2793 1235 2880; baseline 0.002 -25"><span class='ocrx_word' id='word_1_224' title='bbox 200 2793 378 2858; x_wconf 84' lang='lat' dir='ltr'><strong>consultrix</strong></span> <span class='ocrx_word' id='word_1_225' title='bbox 418 2797 452 2858; x_wconf 90' lang='lat' dir='ltr'><strong>ct</strong></span> <span class='ocrx_word' id='word_1_226' title='bbox 491 2793 626 2878; x_wconf 88' lang='lat' dir='ltr'><strong>provida</strong></span> <span class='ocrx_word' id='word_1_227' title='bbox 661 2795 842 2861; x_wconf 85' lang='lat' dir='ltr'><strong>utilitatum</strong></span> <span class='ocrx_word' id='word_1_228' title='bbox 882 2795 1208 2880; x_wconf 86' lang='lat' dir='ltr'><strong>oportunitatumque</strong></span> <span class='ocrx_word' id='word_1_229' title='bbox 1234 2803 1235 2810; x_wconf 75' lang='grc'>’</span> 
     </span>
     <span class='ocr_line' id='line_1_31' title="bbox 200 2879 1235 2976; baseline 0.006 -36"><span class='ocrx_word' id='word_1_230' title='bbox 200 2879 351 2943; x_wconf 88' lang='lat' dir='ltr'><strong>omnium.</strong></span> <span class='ocrx_word' id='word_1_231' title='bbox 401 2879 510 2963; x_wconf 90' lang='lat' dir='ltr'><strong>Atque</strong></span> <span class='ocrx_word' id='word_1_232' title='bbox 542 2884 578 2946; x_wconf 91' lang='lat' dir='ltr'><strong>ut</strong></span> <span class='ocrx_word' id='word_1_233' title='bbox 610 2886 733 2948; x_wconf 87' lang='lat' dir='ltr'><strong>ceterae</strong></span> <span class='ocrx_word' id='word_1_234' title='bbox 765 2887 900 2948; x_wconf 87' lang='lat' dir='ltr'><strong>naturae</strong></span> <span class='ocrx_word' id='word_1_235' title='bbox 932 2882 1000 2948; x_wconf 90' lang='lat' dir='ltr'><strong>suis</strong></span> <span class='ocrx_word' id='word_1_236' title='bbox 1028 2882 1235 2976; x_wconf 61' lang='lat' dir='ltr'><strong>seminibusq</strong></span> 
     </span>
     <span class='ocr_line' id='line_1_32' title="bbox 201 2967 1235 3062; baseline 0.008 -34"><span class='ocrx_word' id='word_1_237' title='bbox 201 2986 345 3049; x_wconf 91' lang='lat' dir='ltr'><strong>quaeque</strong></span> <span class='ocrx_word' id='word_1_238' title='bbox 365 2967 552 3053; x_wconf 82' lang='lat' dir='ltr'><strong>gignuntur,</strong></span> <span class='ocrx_word' id='word_1_239' title='bbox 577 2975 762 3056; x_wconf 82' lang='lat' dir='ltr'><strong>augescunt,</strong></span> <span class='ocrx_word' id='word_1_240' title='bbox 785 2971 999 3055; x_wconf 90' lang='lat' dir='ltr'><strong>continentur,</strong></span> <span class='ocrx_word' id='word_1_241' title='bbox 1023 2970 1068 3036; x_wconf 87' lang='lat' dir='ltr'><strong>sic</strong></span> <span class='ocrx_word' id='word_1_242' title='bbox 1085 2974 1207 3036; x_wconf 86' lang='lat' dir='ltr'><strong>natura</strong></span> <span class='ocrx_word' id='word_1_243' title='bbox 1234 2983 1235 3062; x_wconf 62' lang='lat' dir='ltr'><strong>l</strong></span> 
     </span>
     <span class='ocr_line' id='line_1_33' title="bbox 201 3053 1235 3143; baseline 0.007 -28"><span class='ocrx_word' id='word_1_244' title='bbox 201 3053 312 3117; x_wconf 90' lang='lat' dir='ltr'><strong>mundi</strong></span> <span class='ocrx_word' id='word_1_245' title='bbox 341 3055 446 3118; x_wconf 90' lang='lat' dir='ltr'><strong>omnis</strong></span> <span class='ocrx_word' id='word_1_246' title='bbox 470 3060 577 3122; x_wconf 85' lang='lat' dir='ltr'><strong>motus</strong></span> <span class='ocrx_word' id='word_1_247' title='bbox 600 3058 700 3123; x_wconf 90' lang='lat' dir='ltr'><strong>habet</strong></span> <span class='ocrx_word' id='word_1_248' title='bbox 722 3059 925 3125; x_wconf 79' lang='lat' dir='ltr'><strong>voluntarios</strong></span> <span class='ocrx_word' id='word_1_249' title='bbox 949 3061 1149 3143; x_wconf 85' lang='lat' dir='ltr'><strong>conatusque</strong></span> <span class='ocrx_word' id='word_1_250' title='bbox 1174 3061 1208 3123; x_wconf 92' lang='lat' dir='ltr'><strong>et</strong></span> <span class='ocrx_word' id='word_1_251' title='bbox 1234 3071 1235 3112; x_wconf 63' lang='lat' dir='ltr'>i</span> 
     </span>
     <span class='ocr_line' id='line_1_34' title="bbox 200 3139 1206 3232; baseline 0.006 -28"><span class='ocrx_word' id='word_1_252' title='bbox 200 3139 429 3226; x_wconf 87' lang='lat' dir='ltr'><strong>adpetitiones,</strong></span> <span class='ocrx_word' id='word_1_253' title='bbox 458 3164 538 3227; x_wconf 90' lang='lat' dir='ltr'><strong>quas</strong></span> <span class='ocrx_word' id='word_1_254' title='bbox 566 3139 671 3229; x_wconf 78' lang='grc' dir='ltr'><em>ὁρμάς</em></span> <span class='ocrx_word' id='word_1_255' title='bbox 694 3145 808 3212; x_wconf 82' lang='lat' dir='ltr'><strong>Graeci</strong></span> <span class='ocrx_word' id='word_1_256' title='bbox 835 3151 968 3232; x_wconf 86' lang='lat' dir='ltr'><strong>vocant,</strong></span> <span class='ocrx_word' id='word_1_257' title='bbox 996 3150 1029 3211; x_wconf 89' lang='lat' dir='ltr'><strong>et</strong></span> <span class='ocrx_word' id='word_1_258' title='bbox 1055 3146 1109 3212; x_wconf 88' lang='lat' dir='ltr'><strong>bis</strong></span> <span class='ocrx_word' id='word_1_259' title='bbox 1133 3169 1206 3212; x_wconf 92' lang='lat' dir='ltr'><strong>con·</strong></span> 
     </span>
    </p>

    <p class='ocr_par' dir='ltr' id='par_1_6' title="bbox 201 3229 1235 3324">
     <span class='ocr_line' id='line_1_35' title="bbox 201 3229 1235 3324; baseline 0.005 -31"><span class='ocrx_word' id='word_1_260' title='bbox 201 3231 372 3294; x_wconf 85' lang='lat' dir='ltr'><strong>sentences</strong></span> <span class='ocrx_word' id='word_1_261' title='bbox 403 3229 545 3294; x_wconf 85' lang='lat' dir='ltr'><strong>actiones</strong></span> <span class='ocrx_word' id='word_1_262' title='bbox 577 3232 622 3296; x_wconf 89' lang='lat' dir='ltr'><strong>sic</strong></span> <span class='ocrx_word' id='word_1_263' title='bbox 651 3233 797 3315; x_wconf 88' lang='lat' dir='ltr'><strong>adhibet,</strong></span> <span class='ocrx_word' id='word_1_264' title='bbox 826 3238 863 3300; x_wconf 91' lang='lat' dir='ltr'><strong>ut</strong></span> <span class='ocrx_word' id='word_1_265' title='bbox 889 3240 1018 3300; x_wconf 91' lang='lat' dir='ltr'><strong>nosmet</strong></span> <span class='ocrx_word' id='word_1_266' title='bbox 1040 3234 1119 3320; x_wconf 89' lang='lat' dir='ltr'><strong>ipsi,</strong></span> <span class='ocrx_word' id='word_1_267' title='bbox 1151 3233 1206 3319; x_wconf 89' lang='lat' dir='ltr'><strong>qui</strong></span> <span class='ocrx_word' id='word_1_268' title='bbox 1234 3251 1235 3324; x_wconf 57' lang='lat' dir='ltr'><strong>q</strong></span> 
     </span>
    </p>

    <p class='ocr_par' dir='ltr' id='par_1_7' title="bbox 169 3315 1235 3496">
     <span class='ocr_line' id='line_1_36' title="bbox 201 3315 1235 3408; baseline 0.004 -28"><span class='ocrx_word' id='word_1_269' title='bbox 201 3315 316 3380; x_wconf 88' lang='lat' dir='ltr'><strong>animis</strong></span> <span class='ocrx_word' id='word_1_270' title='bbox 336 3339 502 3383; x_wconf 81' lang='lat' dir='ltr'><strong>moremur</strong></span> <span class='ocrx_word' id='word_1_271' title='bbox 521 3321 554 3382; x_wconf 93' lang='lat' dir='ltr'><strong>et</strong></span> <span class='ocrx_word' id='word_1_272' title='bbox 574 3321 730 3386; x_wconf 87' lang='lat' dir='ltr'><strong>sensibus.</strong></span> <span class='ocrx_word' id='word_1_273' title='bbox 767 3321 857 3386; x_wconf 86' lang='lat' dir='ltr'><strong>Talis</strong></span> <span class='ocrx_word' id='word_1_274' title='bbox 873 3323 976 3408; x_wconf 85' lang='lat' dir='ltr'><strong>igitur</strong></span> <span class='ocrx_word' id='word_1_275' title='bbox 989 3344 1080 3388; x_wconf 88' lang='lat' dir='ltr'><strong>mens</strong></span> <span class='ocrx_word' id='word_1_276' title='bbox 1094 3321 1235 3400; x_wconf 63' lang='lat' dir='ltr'><strong>mundis</strong></span> 
     </span>
     <span class='ocr_line' id='line_1_37' title="bbox 169 3403 1235 3496; baseline 0.008 -30"><span class='ocrx_word' id='word_1_277' title='bbox 169 3455 172 3464; x_wconf 89' lang='lat'><em>.</em></span> <span class='ocrx_word' id='word_1_278' title='bbox 200 3425 272 3466; x_wconf 85' lang='lat' dir='ltr'><strong>curn</strong></span> <span class='ocrx_word' id='word_1_279' title='bbox 299 3403 343 3469; x_wconf 89' lang='lat' dir='ltr'><strong>sit</strong></span> <span class='ocrx_word' id='word_1_280' title='bbox 371 3405 413 3469; x_wconf 93' lang='lat' dir='ltr'><strong>ob</strong></span> <span class='ocrx_word' id='word_1_281' title='bbox 442 3426 576 3488; x_wconf 88' lang='lat' dir='ltr'><strong>eamque</strong></span> <span class='ocrx_word' id='word_1_282' title='bbox 604 3429 734 3472; x_wconf 88' lang='lat' dir='ltr'><strong>causam</strong></span> <span class='ocrx_word' id='word_1_283' title='bbox 756 3409 809 3475; x_wconf 86' lang='lat' dir='ltr'><strong>vel</strong></span> <span class='ocrx_word' id='word_1_284' title='bbox 831 3410 1003 3494; x_wconf 90' lang='lat' dir='ltr'><strong>prudentia</strong></span> <span class='ocrx_word' id='word_1_285' title='bbox 1024 3411 1078 3475; x_wconf 88' lang='lat' dir='ltr'><strong>vel</strong></span> <span class='ocrx_word' id='word_1_286' title='bbox 1100 3409 1206 3496; x_wconf 84' lang='lat' dir='ltr'><strong>provi·</strong></span> <span class='ocrx_word' id='word_1_287' title='bbox 1234 3431 1235 3489; x_wconf 62' lang='lat' dir='ltr'><strong>l</strong></span> 
     </span>
    </p>
   </div>
   <div class='ocr_carea' id='block_1_4' title="bbox 200 3489 1235 3581">
    <p class='ocr_par' dir='ltr' id='par_1_8' title="bbox 200 3489 1235 3581">
     <span class='ocr_line' id='line_1_38' title="bbox 200 3489 1235 3581; baseline 0.008 -28"><span class='ocrx_word' id='word_1_288' title='bbox 200 3489 309 3555; x_wconf 89' lang='lat' dir='ltr'><strong>dentia</strong></span> <span class='ocrx_word' id='word_1_289' title='bbox 339 3491 497 3576; x_wconf 91' lang='lat' dir='ltr'><strong>appellari</strong></span> <span class='ocrx_word' id='word_1_290' title='bbox 529 3495 615 3556; x_wconf 87' lang='lat' dir='ltr'><strong>recte</strong></span> <span class='ocrx_word' id='word_1_291' title='bbox 644 3494 749 3578; x_wconf 86' lang='lat' dir='ltr'><strong>possit</strong></span> <span class='ocrx_word' id='word_1_292' title='bbox 781 3495 918 3578; x_wconf 84' lang='lat' dir='ltr'><strong>(Graece</strong></span> <span class='ocrx_word' id='word_1_293' title='bbox 948 3498 1033 3564; x_wconf 91' lang='lat' dir='ltr'><strong>enim</strong></span> <span class='ocrx_word' id='word_1_294' title='bbox 1061 3495 1206 3581; x_wconf 82' lang='grc' dir='ltr'><strong><em>πρόνοια</em></strong></span> <span class='ocrx_word' id='word_1_295' title='bbox 1234 3539 1235 3548; x_wconf 43' lang='lat'>1</span> 
     </span>
    </p>
   </div>
   <div class='ocr_carea' id='block_1_5' title="bbox 0 0 1244 3936">
    <p class='ocr_par' dir='ltr' id='par_1_9' title="bbox 0 0 1244 3936">
     <span class='ocr_line' id='line_1_39' title="bbox 0 0 1244 3936; baseline 0 0"><span class='ocrx_word' id='word_1_296' title='bbox 0 0 1244 3936; x_wconf 95' lang='lat' dir='ltr'><strong> </strong></span> 
     </span>
    </p>
   </div>
  </div>
 </body>
</html>
