2478 3936
306 141 372 196 LlB.
390 142 425 197 ll.
451 142 526 196 CAP.
547 150 662 200 35-37.
686 148 702 210 5
721 147 835 198 89-95.
1031 141 1073 206 '19

94 256 256 366 Siquidem
278 309 338 352 nos
357 309 423 353 non
442 288 534 372 quasi
548 285 671 353 Graece
689 287 877 373 loquentem
895 285 1073 352 audiamus.

92 369 175 436 Docet
196 373 279 438 idern
302 374 368 440 alio
391 375 475 441 loeo:

162 493 381 583 Graidgcna
402 498 445 562 de
468 499 568 564 istoc
592 500 718 584 aperit
740 501 826 586 ipsa
849 499 983 565 oratio.

89 615 137 680 Sed
157 618 194 682 ad
215 620 341 684 maiora
362 620 538 686 redeamus.
578 620 628 686 Ex
652 621 781 688 aethere
804 622 906 709 igitur
927 623 1071 688 innume·
1091 633 1125 682 aa

70 705 187 771 arabiles
213 707 364 772 flammae
393 709 533 774 siderum
555 710 729 795 exsistunt,
756 733 892 795 quorum
916 713 965 776 est
986 711 1073 795 prin·

87 814 147 877 ceps
176 796 224 860 sol
257 796 367 861 omnia
398 797 579 863 clarissima
607 799 679 863 luce
708 799 928 882 conlustrans,
959 797 1072 862 multis

84 882 215 963 partibus
245 885 351 952 maior
380 889 477 969 atque
507 885 647 970 amplior
674 908 772 971 quam
799 888 887 952 terra
913 887 1073 968 universa,

85 968 180 1036 dende
202 971 329 1056 reliqua
346 971 452 1039 sidera
469 973 745 1058 magnitudinibus
764 973 929 1038 inmensis.
964 973 1073 1056 Atque

84 1053 212 1124 litanti
241 1061 336 1148 ignes
363 1066 493 1146 tamque
520 1062 618 1127 multi
644 1084 710 1128 non
732 1061 828 1128 modo
850 1061 934 1126 nihil
957 1065 1075 1126 nocent

57 1147 163 1211 sterris
185 1147 348 1232 rebusque
375 1149 598 1234 terrestribuS,
629 1151 685 1215 sed
712 1151 761 1215 ita
787 1153 936 1236 prosunt,
968 1151 1017 1233 ut,
1045 1148 1074 1213 si

83 1238 157 1300 motu
177 1237 252 1302 loco
276 1237 351 1321 sint,
373 1237 571 1324 conflagrare
593 1242 696 1303 terras
719 1260 850 1305 neeesse
874 1238 918 1303 sit
935 1261 956 1302 a
973 1237 1073 1302 tantis

83 1321 236 1389 ardonbus
260 1325 480 1391 moderatione
502 1330 536 1390 et
558 1327 792 1410 temperatione
815 1326 953 1393 sublata.

134 1427 193 1495 Hic
217 1451 280 1516 ego
302 1453 369 1496 non
391 1430 489 1495 mirer
513 1452 581 1496 esse
605 1453 812 1516 quemquam,
840 1432 896 1516 qui
918 1432 981 1498 sibi
1003 1391 1127 1518 per-⁸⁹3}

83 1517 200 1582 suadeat
225 1539 363 1604 corpora
386 1518 543 1602 quaedam
566 1519 670 1585 solida
693 1524 790 1604 atque
808 1520 973 1585 individua
990 1523 1023 1585 vi
1042 1526 1075 1586 et

56 1619 72 1657 ¹⁵
83 1607 232 1687 gravitate
250 1606 337 1692 ferri,
355 1607 573 1690 mundumque
592 1607 676 1672 effici
694 1607 937 1672 ornatissimum
956 1610 988 1671 et
1007 1609 1075 1692 pul·

82 1691 265 1760 cherrimum
292 1716 331 1760 ex
359 1716 469 1760 corum
492 1716 664 1780 corporum
687 1694 894 1760 concursione
916 1693 1075 1762 fortuita?

81 1777 140 1846 Hoc
165 1783 223 1866 qui
251 1782 415 1847 existimat
441 1783 512 1847 fieri
538 1782 698 1868 potuisse,
729 1803 795 1848 non
817 1782 987 1868 intellego,
1019 1805 1075 1848 cur

81 1887 136 1933 non
155 1870 243 1936 idem
265 1873 368 1956 putet,
391 1871 419 1936 si
440 1870 693 1935 innumerabiles
711 1869 806 1935 unius
825 1874 857 1935 ct
875 1870 994 1958 viginti
1011 1871 1075 1937 fcr-

82 1977 140 2022 nae
162 1959 349 2024 litterarum
371 1959 423 2024 vel
447 1980 562 2024 aureae
585 1959 637 2024 vel
661 1959 857 2044 qualeslibet
881 1961 989 2046 aliquo
1013 1960 1074 2026 coi·

56 2056 72 2096 2⁰
82 2045 204 2132 cientur,
228 2068 324 2132 posse
349 2047 445 2112 exiis
464 2047 637 2112 interram
657 2047 797 2113 excussis
816 2049 948 2114 annales
966 2047 1074 2133 Ennii,

82 2136 111 2195 ut
130 2134 278 2219 deinceps
302 2135 369 2220 legi
391 2135 528 2220 possint,
552 2134 649 2219 effici3
672 2135 758 2219 quod
779 2136 887 2201 nescio
911 2159 953 2202 an
974 2158 1015 2202 ne
1038 2137 1074 2203 in

81 2241 134 2288 unc
156 2223 287 2309 quidem
310 2244 405 2288 versu
428 2223 534 2308 possit
556 2226 685 2288 tanturn
707 2225 814 2289 valere
832 2224 972 2290 fortuna.
1012 2223 1075 2290 Isti
1093 2231 1127 2280 94

82 2314 177 2376 autem
201 2333 298 2396 quem
318 2311 359 2376 ad
377 2311 508 2375 modum
527 2311 718 2376 adseverant
736 2333 775 2376 ex
793 2313 991 2396 corpusculis
1009 2333 1074 2377 non

82 2399 190 2484 calore,
218 2421 286 2466 non
314 2399 473 2483 qualitate
502 2399 623 2484 aliqua,
650 2421 748 2484 quam
774 2396 933 2480 ποιότητα
960 2398 1076 2466 Graeci

55 2493 195 2573 avocant,
218 2509 286 2552 non
304 2508 400 2551 sensu
417 2483 582 2572 praeditiS,
602 2486 657 2551 sed
677 2486 939 2552 concurrentibus
954 2489 1075 2552 temere

83 2577 167 2659 atque
185 2597 264 2642 casu
282 2575 436 2639 mundum
455 2596 524 2639 esse
543 2574 731 2659 perfectum,
753 2574 806 2638 vel
823 2573 1076 2640 innumerabiles

82 2664 177 2743 potius
200 2665 237 2728 in
260 2663 348 2728 omni
371 2665 491 2746 puncto
513 2661 670 2748 temporis
694 2661 775 2727 alios
797 2661 900 2745 nasci,
924 2662 1005 2728 alios
1028 2663 1075 2728 in·

82 2752 189 2818 terite?
245 2749 368 2827 Quodsi
404 2751 559 2817 mundum
595 2749 720 2815 efficere
757 2752 866 2834 potest
902 2771 1076 2818 concursus

83 2841 268 2923 atomorum,
295 2861 352 2905 cur
373 2838 548 2923 porticum,
576 2859 632 2903 cur
654 2837 827 2922 templum,
857 2859 913 2904 cur
935 2839 1076 2924 domum,

56 2935 130 2990 ³ocur
155 2928 269 2993 urbem
296 2948 362 2991 non
388 2927 520 3011 potest?
552 2947 633 3009 quae
657 2929 733 2990 sunt
755 2926 861 2991 minus
884 2949 1020 3012 operosa
1043 2932 1076 2994 et

83 3015 172 3080 multo
201 3015 331 3101 quidem
357 3013 512 3080 faciliora.
557 3013 652 3078 Certe
679 3013 727 3078 ita
750 3018 871 3080 temere
895 3016 933 3080 de
955 3015 1075 3080 mundo

83 3101 229 3187 effutiunt,
251 3108 289 3168 ut
307 3103 388 3167 mihi
408 3102 536 3187 quidem
554 3123 730 3185 numquam
748 3102 833 3168 hunc
852 3103 1076 3167 admirabilem

83 3192 153 3256 caeli
174 3195 339 3275 ornatum,
363 3191 418 3275 qui
441 3191 531 3255 locus
556 3194 605 3255 est
628 3191 802 3275 proximus,
826 3189 1007 3274 suspexisse
1030 3189 1075 3254 vi-

84 3275 214 3344 deantur.
266 3279 435 3344 Praeclare
473 3299 550 3364 ergo
582 3277 791 3343 Aristoteles:
829 3275 884 3340 ‘si
921 3275 1074 3360 essent’,
1094 3288 1128 3337 ao

58 3363 187 3452 ³⁵iuquit,
210 3367 292 3452 ‘qui
316 3367 384 3431 sub
408 3371 514 3431 terra
537 3387 686 3450 semper
704 3363 993 3432 habitavissent
1011 3363 1075 3430 bo-

84 3452 133 3518 uis
160 3460 197 3519 et
224 3455 463 3521 inlustribus
491 3454 715 3537 domiciliis,
743 3473 837 3535 quae
865 3453 995 3514 essent
1018 3471 1092 3514 or·¹
1201 3507 1202 3538 ,
