2496 3934
136 163 178 228 86
443 161 492 214 na
510 161 833 216 nrruasuuouuu

135 311 240 372 natae.
280 305 440 371 Minorem
463 309 572 370 autem
591 303 849 391 Septentrionem
863 305 1011 392 Cepheus
1034 311 1145 392 passis

134 394 252 480 palmis
277 417 297 458 a
319 398 412 480 tergo
436 393 655 477 subsequitur:

179 517 350 602 Namque
386 518 512 602 ipsum
546 519 591 582 ad
622 522 774 604 tergum
806 519 1028 603 Cynosurae
1059 543 1148 587 rer-

283 617 285 620 ’
811 608 910 672 titur
933 608 1053 674 Arcti.

135 713 230 779 Hunc
255 712 415 777 antecedit

181 819 353 884 Obscura
376 818 502 904 specie
526 817 732 882 stellarum
755 816 965 905 Cassiepia.
1164 840 1177 879 r

180 907 287 972 Hanc
302 909 427 970 autem
440 906 603 970 inlustri
616 909 795 970 versatur
810 929 968 993 corpore
981 912 1150 994 propter
1244 979 1245 984 γ

181 994 423 1060 Andromeda
450 994 655 1080 aufugiens
683 998 880 1079 aspectum
907 1000 1055 1064 maesta
1081 1020 1150 1082 pa·
1244 999 1245 1004 ’

920 1084 1054 1150 rentis.
1243 1094 1244 1099 ’

180 1171 279 1235 Huic
300 1170 430 1254 Equus
453 1169 523 1234 ille
545 1170 674 1234 iubam
698 1170 875 1254 quatiens
898 1171 1054 1258 fulgore
1079 1173 1149 1237 rni-

949 1261 1055 1326 oanti
1244 1303 1245 1332 ι

182 1345 372 1411 Summum
412 1345 608 1431 contingit
649 1350 764 1431 caput
801 1347 906 1431 alvo,
947 1349 1149 1434 stellaque
1239 1408 1242 1459 1

890 1458 1055 1522 iungens

183 1522 264 1587 Una
292 1523 399 1587 tenet
422 1521 596 1605 duplices
620 1523 807 1587 communi
829 1524 973 1589 lumine
995 1525 1187 1593 formasa

182 1611 390 1676 Aeternum
409 1631 451 1675 ex
471 1610 591 1674 astris
612 1611 769 1696 cupiens
784 1615 983 1677 conectere
996 1615 1150 1680 nodum.

182 1697 279 1764 Exin
301 1698 495 1764 contortis
518 1697 631 1762 Aries
654 1721 736 1762 cum
759 1700 940 1764 cornibus
962 1700 1117 1786 haeret3

139 1845 233 1909 quem
255 1824 390 1908 propter

181 1929 326 2011 Pisces,
340 1949 499 2011 quorum
513 1928 614 1991 alter
628 1928 784 2013 paulum
797 1929 1041 2013 praelabitur
1057 1935 1151 1996 ante
1244 1951 1245 1978 r

181 2017 230 2081 ut
252 2015 373 2099 magis
392 2014 599 2080 horriferis
618 2015 813 2100 aquilonis
832 2018 1011 2103 tangitur
1030 2018 1150 2084 auris.
1165 2037 1188 2076 15

85 2114 136 2240 ᾗ
152 2140 204 2204 Ad
226 2138 323 2224 pedes
346 2137 570 2203 Andromedae
592 2138 729 2204 Perseus
753 2139 959 2224 describitur,
1244 2199 1245 2252 p

183 2263 297 2338 Quem
329 2283 472 2366 summa
495 2262 540 2326 ab
568 2262 727 2348 regione
755 2262 954 2346 aquilonis
980 2263 1151 2330 flamina
1242 2349 1243 2358 ἵ

182 2439 299 2505 Cuius
328 2441 490 2523 propter
517 2438 669 2502 laevum
697 2460 815 2525 genus
844 2352 1150 2524 onidisebntpiarte

182 2616 328 2682 Parvas
350 2613 551 2699 Vergilias
573 2614 680 2678 tenui
703 2637 785 2679 oum
806 2615 891 2680 luce
905 2527 1074 2682 liillbliiss.
1241 2611 1245 2706 l

181 2705 272 2768 Inde
290 2702 403 2767 Fides
426 2701 557 2786 posita
580 2706 617 2766 et
638 2702 780 2767 leviter
798 2724 965 2768 convexa
982 2703 1150 2770 videtur.
1164 2723 1187 2762 ²⁰
1239 2718 1245 2781 l

181 2793 273 2856 Inde
297 2794 356 2855 est
379 2790 459 2854 ales
482 2789 577 2854 Avis
600 2790 682 2854 lato
706 2791 774 2855 sub
798 2791 963 2877 tegmine
986 2793 1095 2857 caeli.

139 2915 247 3000 Capiti
271 2917 379 2978 autem
398 2912 485 2996 Equi
507 2912 656 2998 proxima
678 2916 728 2977 est
746 2912 885 2997 Aquarii
908 2915 1021 2978 dextra
1042 2918 1151 2980 totus·
1239 2960 1241 2977 .

140 3025 201 3089 que
225 3002 375 3086 deinceps
399 3000 573 3085 Aquarius.
1238 3004 1242 3065 l

182 3126 274 3191 Tum
309 3124 479 3210 gelidum
509 3123 638 3189 valido
669 3124 712 3188 de
741 3126 898 3208 pectore
927 3125 1053 3212 frigus
1085 3149 1152 3194 an—

183 3301 352 3386 Oorpore
370 3299 551 3365 semifero
565 3320 703 3385 magno
717 3212 1151 3388 Capricornhueslirllbrbm
1165 3320 1187 3358 2⁵
1242 3343 1243 3362 1

184 3389 300 3466 Quem
323 3411 404 3453 cum
427 3390 615 3472 perpetuo
638 3387 802 3452 vestivit
824 3388 967 3452 lumine
990 3389 1120 3473 Titan,
1242 3385 1243 3400 ¹

181 3476 358 3542 Brumali
371 3475 541 3540 flectens
555 3478 787 3560 contorquet
801 3479 973 3561 tempore
987 3499 1150 3544 currum.
1242 3545 1243 3562 χ
