2458 3934
305 176 373 232 ΜΒ.
393 177 413 233 1.
433 175 508 232 cap,
531 184 641 233 re-aa.
661 183 676 244 s
695 182 808 232 ae-se.
996 177 1057 242 161

118 318 222 386 Corde
249 340 465 405 capessere3
492 321 629 386 semita
650 322 761 386 nulla
782 322 917 406 pedem
940 315 1059 386 stabi·

860 409 969 474 libat.

113 495 200 560 Exin
221 497 454 581 compellare
476 501 587 583 pater
610 519 666 562 mc
688 519 779 564 vooc
801 498 955 562 videtur
1076 510 1108 560 41

113 581 174 647 Hie
190 585 331 650 verbis:
351 584 406 650 “0
426 589 555 670 gnata,
574 586 648 650 tibi
662 590 751 651 sunt
765 590 853 650 ante
868 587 1059 672 gerendae

112 671 328 756 Aerumnae,
354 676 445 757 post
472 673 660 739 exfluvio
683 673 842 740 fortuna
863 673 1058 739 resistet.’'

48 775 61 815 ⁵
110 757 202 826 Haec
215 760 364 826 ecfatus
379 764 501 845 pater,
516 782 709 846 germana,
723 765 882 846 repente
895 762 1059 828 recessit

108 846 178 913 Nec
199 869 283 914 sese
306 849 413 913 dedit
435 849 473 915 in
497 853 742 934 conspectum
760 849 872 914 corde
890 850 1058 935 cupitus,

109 933 333 1021 Quamquam
369 937 490 1002 multa
525 959 658 1002 manus
695 937 740 1002 ad
773 937 872 1002 caeli
904 937 1059 1003 caerula

824 1025 970 1110 temple

105 1109 316 1182 Tendebam
329 1113 547 1178 lacrumans
562 1117 599 1178 et
610 1114 853 1179 blandavoce
867 1113 1058 1178 vocabam,

103 1198 171 1266 Vix
189 1220 305 1286 aegro
320 1204 400 1266 tum
414 1201 526 1266 corde
539 1224 620 1268 meo
634 1224 690 1268 me
704 1223 860 1268 somnus
873 1200 1058 1286 reliquit?
1069 1253 1109 1315 21

34 1305 56 1343 1⁰
67 1285 153 1372 Haec,
177 1289 307 1354 etiamsi
328 1289 404 1354 ficta
426 1292 502 1353 sunt
525 1294 668 1375 aposta,
688 1312 756 1357 non
774 1291 894 1356 absunt
911 1294 1022 1356 tamen
1039 1312 1059 1354 a
1077 1330 1111 1378 42

66 1376 286 1442 consuetudine
313 1377 520 1442 somniorum.
566 1377 615 1443 Sit
643 1399 720 1444 sane
748 1379 847 1444 etiam
870 1379 953 1444 illud
975 1399 1059 1444 com-

65 1464 252 1549 menticium,
275 1486 338 1550 quo
361 1462 509 1530 Priamus
533 1469 584 1530 est
606 1467 825 1551 conturbatus,
849 1468 924 1551 quia

105 1554 248 1618 miter
271 1552 432 1639 gravida
453 1555 589 1638 parere
608 1575 644 1619 ac
663 1577 702 1619 se
720 1555 919 1619 ardentem
937 1554 1058 1620 facem

98 1639 236 1706 Visast
257 1641 295 1706 in
320 1641 461 1706 somnis
484 1641 654 1725 Hecuba3
678 1664 749 1728 quc
772 1642 877 1706 lactc
899 1646 1010 1726 pater

31 1741 52 1782 1⁵
99 1728 177 1794 Rex
199 1727 284 1814 ipse
306 1727 480 1794 Priamus
504 1730 651 1796 somnio
675 1727 814 1794 mentis
838 1733 941 1794 metu
1004 1799 1006 1804 ,

98 1816 306 1882 Perculsus
329 1817 431 1882 curis
453 1821 627 1903 sumptus
652 1817 942 1903 suspirantibus

97 1905 415 1972 Exsacrificabat
437 1905 579 1972 hostiis
603 1906 838 1972 balantibus.

99 1993 192 2059 Turn
215 1994 474 2060 c6niecturam
496 1995 673 2078 po'stulat
695 1997 825 2081 pacem
846 1998 997 2079 patena,

98 2081 150 2146 Ut
174 2103 212 2146 se
235 2081 425 2165 edoceret,
448 2083 655 2148 obsecrans
679 2082 917 2167 Ap6llinem,

29 2184 48 2223 ὀ
99 2169 178 2244 Quo
202 2172 285 2234 sese
307 2173 463 2235 vertent
485 2172 617 2236 tantae
640 2175 767 2236 sortes
790 2171 986 2237 somnium.

99 2256 161 2322 Ibi
183 2259 227 2322 ex
250 2258 380 2323 oraclo
402 2259 493 2324 vtica
516 2259 647 2323 divina
669 2258 791 2324 c‘didit

100 2345 256 2430 Apollo,
279 2369 447 2430 puerum,
470 2344 616 2432 primus
638 2346 791 2414 Priamo
816 2344 883 2432 qui
902 2347 1006 2412 foret

9 2477 11 2488 ,
99 2431 271 2498 Postilla
292 2438 420 2517 natus,
443 2437 679 2519 temperaret
701 2436 856 2517 tollere3

100 2520 193 2585 Eum
221 2525 305 2586 esse
334 2523 492 2587 exitium
516 2521 666 2606 Troiae,
693 2526 840 2606 pestem
863 2522 1058 2607 Pe‘rgamo.

28 2605 129 2672 asim
151 2609 240 2693 haec,
262 2613 300 2675 ut
319 2610 392 2694 dixi,
415 2609 541 2676 somnia
557 2610 751 2694 fabularum,
774 2609 889 2693 hisque
907 2610 1059 2694 adiunge·
1077 2621 1111 2668 43

58 2701 110 2760 tur
132 2698 231 2762 etiam
250 2696 380 2764 Aeneae
403 2698 572 2782 somnium,
595 2697 681 2782 quod
702 2698 737 2761 in
758 2698 864 2763 nostri
880 2696 974 2762 Fabii
992 2698 1061 2764 Pic-

58 2785 137 2850 toris
161 2785 292 2851 Graecis
317 2787 488 2852 annalibus
508 2785 681 2851 eiusmodi
699 2788 756 2866 est,
779 2788 816 2848 ut
836 2785 954 2870 omnia,
978 2809 1060 2872 quae

58 2873 98 2937 ab
122 2874 232 2938 Aenea
259 2878 352 2960 gesta
380 2879 455 2938 sunt
483 2895 627 2958 quaeque
654 2872 706 2936 illi
728 2873 924 2959 acciderunt,
952 2897 990 2940 ea
1012 2876 1060 2942 fu-

57 2960 149 3044 erint,
172 2983 254 3046 quae
277 2963 308 3026 ei
331 2962 504 3028 secundum
529 2961 670 3046 quietem
692 2960 763 3026 visa
785 2966 869 3028 sunt.

27 3063 45 3103 ³⁰
121 3047 183 3114 Sed
209 3051 363 3135 propiora
389 3050 563 3116 videamus
610 3047 784 3115 Cuiusnam
811 3051 899 3117 modi
927 3056 978 3118 est
1004 3051 1112 3118 Sir-22

56 3137 148 3222 perbi
165 3137 333 3223 Tarquinii
352 3139 522 3220 somnium,
545 3138 584 3202 de
603 3159 666 3222 quc
684 3137 719 3204 in
732 3137 834 3206 Bruto
849 3140 940 3205 Accii
958 3141 1059 3223 loqui-

56 3225 222 3310 turipse?

10 3337 12 3360 ¹
99 3312 283 3390 Quoniam
307 3315 429 3398 quieti
451 3315 587 3400 cdrpus
610 3320 798 3381 nocturno
821 3313 957 3399 inpetu
1075 3325 1111 3375 '44

98 3400 197 3467 Dedi
219 3424 356 3488 sopore
379 3404 536 3488 placans
560 3406 667 3468 artus
689 3403 908 3487 languidos,

27 3503 45 3544 ³⁵
97 3491 234 3558 Visust
256 3491 296 3555 in
320 3491 462 3556 somnis
486 3491 620 3575 pistor
643 3491 688 3556 ad
711 3511 766 3554 me
789 3490 987 3575 appe‘llere

105 3611 215 3655 c1e.1v.
234 3615 253 3654 a.
813 3599 845 3645 11
