2476 3936
325 198 433 258 LIB.1.
460 199 536 258 csP.
556 208 668 258 ae-sa
692 208 839 268 141-49.
1021 203 1087 268 293

86 343 155 407 dem
178 347 265 408 certe
288 343 370 409 nihil
392 347 502 429 potest
524 367 594 410 esse
617 345 751 431 dulcius,
773 350 807 410 et
825 368 915 432 quae,
938 348 967 412 si
986 369 1088 432 aequa

85 453 148 496 non
174 436 239 516 est,
268 453 308 496 ne
337 433 473 497 libertas
500 434 629 518 quidem
657 439 715 500 est.
761 433 823 509 Qui
849 439 958 500 autem
985 457 1088 520 aequa

85 523 191 604 potest
218 541 302 604 esse,
329 521 447 586 omitto
474 521 578 588 dicere
605 522 640 586 in
666 543 781 609 regno,
809 523 928 588 ubine
951 524 1089 590 obscura

86 607 213 709 quidem
236 611 287 674 est
310 612 367 673 aut
385 608 483 674 dubia
501 611 650 718 servitus,
674 612 729 675 sed
747 611 872 675 inistis
892 612 1088 714 ciritatibus,

63 696 1088 874 ⁵tritt?littttltltdtztttttfftttttt?rt

85 877 211 958 gantur,
235 873 290 938 sed
313 895 351 938 ea
374 873 461 958 dant,
487 897 577 960 quae,
601 875 729 940 etiamsi
749 874 866 960 nolint,
889 876 995 942 danda
1013 878 1088 962 sint,

85 965 115 1026 et
137 983 221 1045 quac
243 961 307 1046 ipsi
329 983 394 1026 non
416 961 547 1046 habent,
569 963 652 1028 unde
676 963 732 1028 alii
754 967 884 1050 petunt3
907 969 983 1029 sunt
1002 966 1088 1030 enim

5 1105 6 1140 ,
84 1053 230 1134 expertes
259 1050 399 1134 imperii,
431 1050 558 1115 consilii
584 1051 719 1137 publici,
752 1051 860 1117 iudicii
890 1052 1087 1118 delectorum

5 1147 6 1208 ζ
49 1157 73 1196 ιο
83 1137 236 1221 iudicum,
265 1159 347 1221 quae
377 1138 577 1204 familiarum
607 1140 826 1205 vetustatibus
859 1145 915 1206 aut
944 1142 1086 1227 pecuniis

83 1225 309 1310 ponderantur.
350 1225 389 1290 In
416 1227 519 1292 libero
548 1231 656 1292 autem
679 1229 814 1314 populo,
843 1233 881 1294 ut
903 1227 1023 1316 Rhodi,
1050 1234 1087 1296 ut

83 1313 230 1399 Athenis,
252 1336 347 1379 nemo
371 1319 421 1378 cst
445 1315 572 1400 civium,
594 1317 664 1401 qui.
680 1368 686 1382 .
702 1368 731 1382 ..

330 1455 569 1538 [Desiderantrr
585 1459 722 1541 popinae
742 1460 843 1540 dum]
1097 1545 1140 1610 32

154 1627 250 1644 .....
252 1580 375 1665 populo
394 1579 510 1663 aliquis
528 1600 611 1644 unus
628 1581 778 1665 pluresve
798 1581 964 1646 divitiores
984 1583 1023 1661 [p.
1037 1597 1087 1648 115
1106 1624 1140 1672 48

84 1667 365 1753 opulentioresque
388 1668 586 1753 extitissent,
608 1672 679 1733 tum
702 1689 741 1732 ex
764 1690 875 1734 eorum
899 1669 1031 1735 fastidio
1055 1674 1088 1734 et

50 1774 71 1814 u
84 1755 234 1841 superbia
260 1759 340 1822 nata
367 1777 437 1820 esse
464 1759 719 1821 commemorant
747 1757 932 1821 cedentibus
960 1757 1087 1844 ignavis

83 1848 115 1908 et
143 1843 305 1909 inbecillis
335 1847 369 1908 et
397 1843 607 1931 adrogantiae
637 1845 774 1911 divitum
797 1845 1088 1912 succumbentibus.

5 1939 6 1942 ’
83 1929 115 1996 si
144 1953 222 1997 vero
251 1932 302 1996 ius
330 1953 424 1998 suum
451 1933 565 2018 populi
591 1937 737 2018 teneant,
765 1935 888 2020 negant
916 1933 1088 2017 quicquam

5 2027 6 2030 ’
82 2041 151 2085 esse
174 2020 403 2105 praestantius,
427 2021 571 2106 liberius,
593 2022 730 2108 beatius,
754 2023 872 2107 quippe
891 2022 947 2106 qui
966 2022 1088 2088 domini

6 2133 7 2136 ¹
83 2109 148 2174 sint
171 2109 294 2194 legum,
317 2109 518 2193 iudiciorum,
541 2110 629 2193 belli,
651 2111 751 2195 pacis,
773 2110 948 2196 foederum,
971 2111 1086 2196 capitis

48 2214 70 2254 ²0
82 2198 177 2262 unius
196 2197 357 2282 cuiusque,
375 2197 537 2282 pecuniae.
569 2197 663 2264 Hanc
680 2221 778 2264 unam
799 2198 803 2282 t
823 2199 885 2264 rite
899 2221 968 2264 rem
986 2202 1024 2280 [p.
1037 2216 1087 2264 176

81 2285 256 2370 publicam,
278 2285 311 2350 id
334 2289 384 2350 est
402 2308 471 2351 rem
489 2287 611 2372 populi,
634 2288 794 2372 appellari
811 2291 937 2373 putant.
973 2287 1087 2371 Itaque

6 2381 7 2386 ’
82 2378 114 2438 et
137 2396 158 2438 a
179 2395 295 2460 regum
318 2378 351 2440 et
375 2396 394 2439 a
416 2379 548 2460 patrum
571 2374 790 2442 dominatione
814 2377 918 2442 solere
940 2375 975 2439 in
993 2375 1087 2440 liber-

81 2465 184 2528 tatem
216 2485 284 2528 rem
313 2463 427 2547 populi
456 2461 626 2548 vindicari,
657 2485 724 2529 non
752 2485 791 2529 cx
818 2464 929 2528 liberis
957 2463 1086 2547 populis

6 2559 7 2564 ’
81 2572 175 2637 reges
202 2551 322 2636 requiri
350 2554 407 2617 aut
429 2554 626 2636 potestatem
649 2554 746 2636 atque
770 2573 848 2637 opes
871 2551 1086 2637 optimatium.

6 2649 7 2652 ’
48 2639 124 2704 2⁵Et
151 2661 229 2704 vero
242 2643 376 2726 ⁴negant
398 2644 548 2724 oportere
571 2638 721 2704 indomiti
743 2639 857 2725 populi
880 2639 960 2704 vitio
985 2660 1086 2726 genus
1105 2653 1139 2702 49
1178 2717 1183 2721 ,

63 2727 141 2793 'hoc
174 2730 282 2794 totum
310 2727 406 2792 liberi
436 2727 549 2814 populi
578 2727 754 2813 repudiari,
786 2727 936 2793 concordi
964 2728 1086 2812 populo

6 2825 7 2832 ’
80 2820 113 2881 et
135 2815 246 2882 omnia
268 2814 427 2882 referente
450 2815 491 2880 ad
513 2816 771 2882 incolumitatem
792 2820 825 2880 et
843 2814 884 2880 ad
901 2816 1087 2881 libertatem

6 2901 8 2936 ²
81 2925 173 2970 suam
202 2902 286 2968 nihil
310 2905 315 2989 t
340 2925 409 2970 esse
432 2903 672 2989 inmutabilius,
700 2904 782 2970 nihil
809 2904 947 2989 firmius3
975 2906 1014 2986 [p.
1036 2921 1086 2972 169

6 3017 7 3022 ’
78 2992 270 3058 facillimam
299 2996 407 3058 autem
433 2993 469 3058 in
496 3015 535 3058 ea
561 3015 595 3058 re
623 2994 753 3077 publica
781 3013 851 3058 esse
874 2993 1086 3078 concordiam,

48 3081 114 3144 ain
143 3102 207 3164 qua
233 3080 318 3146 idem
342 3080 499 3147 conducat
522 3081 685 3166 omnibus3
713 3103 751 3148 ex
773 3081 928 3146 utilitatis
951 3081 1087 3146 varieta-

80 3169 182 3253 sibus,
206 3191 279 3234 cum
302 3169 375 3235 aliis
400 3169 488 3234 aliud
511 3169 671 3254 expediat,
698 3170 787 3236 nasci
811 3168 1000 3252 discordias,
1027 3169 1087 3236 ita-

81 3278 152 3341 que,
165 3279 238 3322 curn
256 3261 366 3342 patres
380 3279 488 3321 rerum
501 3257 693 3341 potirentur,
711 3278 887 3341 numquam
902 3256 1086 3321 constitisse

10 3403 13 3415 ,
80 3345 225 3410 civitatis
249 3349 385 3430 statum3
412 3344 517 3410 multo
539 3345 605 3409 iarn
627 3344 661 3408 id
683 3345 718 3408 in
739 3345 847 3431 regnis
871 3344 986 3426 minus,
1010 3366 1086 3427 quo-

80 3455 162 3517 rum,
183 3437 222 3498 ut
244 3434 291 3498 ait
313 3432 447 3516 Ennius,
471 3431 596 3498 ‘nulla
619 3433 738 3519 [regni]
763 3435 896 3498 sancta
918 3431 1085 3497 societas

49 3533 147 3588 ³⁵uec
173 3521 273 3587 fides
300 3521 380 3588 est?
417 3520 523 3596 Quare
551 3542 623 3586 curn
650 3521 703 3584 lex
726 3521 769 3584 sit
792 3519 896 3585 civilis
920 3519 1085 3585 societatis
