<?xml version="1.0" encoding="UTF-8"?>
<!DOCTYPE html PUBLIC "-//W3C//DTD XHTML 1.0 Transitional//EN"
    "http://www.w3.org/TR/xhtml1/DTD/xhtml1-transitional.dtd">
<html xmlns="http://www.w3.org/1999/xhtml" xml:lang="en" lang="en">
 <head>
  <title>
</title>
<meta http-equiv="Content-Type" content="text/html;charset=utf-8" />
  <meta name='ocr-system' content='tesseract 3.04.00' />
  <meta name='ocr-capabilities' content='ocr_page ocr_carea ocr_par ocr_line ocrx_word'/>
</head>
<body>
  <div class='ocr_page' id='page_1' title='image "./mtulliiciceroni03mlgoog_0252.png"; bbox 0 0 2458 3934; ppageno 0'>
   <div class='ocr_carea' id='block_1_1' title="bbox 330 142 1065 212">
    <p class='ocr_par' dir='ltr' id='par_1_1' title="bbox 330 142 1065 212">
     <span class='ocr_line' id='line_1_1' title="bbox 330 142 1065 212; baseline 0.023 -16"><span class='ocrx_word' id='word_1_1' title='bbox 330 142 792 212; x_wconf 53' lang='lat' dir='ltr'><strong>mufflewmu</strong></span> <span class='ocrx_word' id='word_1_2' title='bbox 1001 145 1065 212; x_wconf 63' lang='lat' dir='ltr'><strong>m</strong></span> 
     </span>
    </p>
   </div>
   <div class='ocr_carea' id='block_1_2' title="bbox 18 284 1127 3541">
    <p class='ocr_par' dir='ltr' id='par_1_2' title="bbox 46 284 1112 1078">
     <span class='ocr_line' id='line_1_2' title="bbox 69 284 1066 372; baseline 0.001 -19"><span class='ocrx_word' id='word_1_3' title='bbox 69 291 142 372; x_wconf 88' lang='lat' dir='ltr'><strong>dem,</strong></span> <span class='ocrx_word' id='word_1_4' title='bbox 165 289 306 372; x_wconf 91' lang='lat' dir='ltr'><strong>inquam,</strong></span> <span class='ocrx_word' id='word_1_5' title='bbox 329 285 456 370; x_wconf 80' lang='lat' dir='ltr'><strong>Quinte,</strong></span> <span class='ocrx_word' id='word_1_6' title='bbox 478 289 512 352; x_wconf 89' lang='lat' dir='ltr'><strong>et</strong></span> <span class='ocrx_word' id='word_1_7' title='bbox 534 284 642 352; x_wconf 79' lang='lat' dir='ltr'>Stoice</span> <span class='ocrx_word' id='word_1_8' title='bbox 664 284 847 353; x_wconf 83' lang='lat' dir='ltr'><strong>Stoicorum</strong></span> <span class='ocrx_word' id='word_1_9' title='bbox 871 289 1066 355; x_wconf 76' lang='lat' dir='ltr'><strong>sententiam</strong></span> 
     </span>
     <span class='ocr_line' id='line_1_3' title="bbox 65 374 1066 462; baseline 0.003 -21"><span class='ocrx_word' id='word_1_10' title='bbox 65 376 242 459; x_wconf 76' lang='lat' dir='ltr'><strong>defendisti,</strong></span> <span class='ocrx_word' id='word_1_11' title='bbox 265 374 413 461; x_wconf 88' lang='lat' dir='ltr'><strong>quodque</strong></span> <span class='ocrx_word' id='word_1_12' title='bbox 435 397 487 439; x_wconf 91' lang='lat' dir='ltr'><strong>me</strong></span> <span class='ocrx_word' id='word_1_13' title='bbox 510 375 648 440; x_wconf 82' lang='lat' dir='ltr'><strong>maxime</strong></span> <span class='ocrx_word' id='word_1_14' title='bbox 672 375 820 461; x_wconf 87' lang='lat' dir='ltr'><strong>delectat,</strong></span> <span class='ocrx_word' id='word_1_15' title='bbox 842 377 992 462; x_wconf 85' lang='lat' dir='ltr'><strong>plurimis</strong></span> <span class='ocrx_word' id='word_1_16' title='bbox 1010 399 1066 444; x_wconf 78' lang='lat' dir='ltr'><strong>no</strong></span> 
     </span>
     <span class='ocr_line' id='line_1_4' title="bbox 68 463 1066 548; baseline 0.001 -19"><span class='ocrx_word' id='word_1_17' title='bbox 68 466 137 529; x_wconf 88' lang='lat' dir='ltr'><strong>stris</strong></span> <span class='ocrx_word' id='word_1_18' title='bbox 160 463 317 548; x_wconf 85' lang='lat' dir='ltr'><strong>exemplis</strong></span> <span class='ocrx_word' id='word_1_19' title='bbox 335 485 413 528; x_wconf 89' lang='lat' dir='ltr'><strong>usus</strong></span> <span class='ocrx_word' id='word_1_20' title='bbox 432 484 476 548; x_wconf 88' lang='lat' dir='ltr'><strong>es,</strong></span> <span class='ocrx_word' id='word_1_21' title='bbox 498 467 532 528; x_wconf 90' lang='lat' dir='ltr'><strong>et</strong></span> <span class='ocrx_word' id='word_1_22' title='bbox 549 463 590 527; x_wconf 92' lang='lat' dir='ltr'><strong>iis</strong></span> <span class='ocrx_word' id='word_1_23' title='bbox 609 463 737 547; x_wconf 90' lang='lat' dir='ltr'><strong>quidem</strong></span> <span class='ocrx_word' id='word_1_24' title='bbox 755 465 853 530; x_wconf 90' lang='lat' dir='ltr'><strong>claris</strong></span> <span class='ocrx_word' id='word_1_25' title='bbox 872 469 904 530; x_wconf 89' lang='lat' dir='ltr'><strong>et</strong></span> <span class='ocrx_word' id='word_1_26' title='bbox 922 465 1066 530; x_wconf 90' lang='lat' dir='ltr'><strong>inlustri·</strong></span> 
     </span>
     <span class='ocr_line' id='line_1_5' title="bbox 67 550 1112 638; baseline 0.002 -22"><span class='ocrx_word' id='word_1_27' title='bbox 67 554 128 617; x_wconf 90' lang='lat' dir='ltr'><strong>bus.</strong></span> <span class='ocrx_word' id='word_1_28' title='bbox 174 552 355 618; x_wconf 79' lang='lat' dir='ltr'><strong>Dicendum</strong></span> <span class='ocrx_word' id='word_1_29' title='bbox 383 555 434 616; x_wconf 89' lang='lat' dir='ltr'><strong>est</strong></span> <span class='ocrx_word' id='word_1_30' title='bbox 459 550 541 615; x_wconf 92' lang='lat' dir='ltr'><strong>mibi</strong></span> <span class='ocrx_word' id='word_1_31' title='bbox 567 551 668 636; x_wconf 90' lang='lat' dir='ltr'><strong>igitur</strong></span> <span class='ocrx_word' id='word_1_32' title='bbox 696 551 737 617; x_wconf 91' lang='lat' dir='ltr'><strong>ad</strong></span> <span class='ocrx_word' id='word_1_33' title='bbox 764 574 814 636; x_wconf 89' lang='lat' dir='ltr'><strong>ea,</strong></span> <span class='ocrx_word' id='word_1_34' title='bbox 842 575 924 638; x_wconf 88' lang='lat' dir='ltr'><strong>quae</strong></span> <span class='ocrx_word' id='word_1_35' title='bbox 947 558 1023 619; x_wconf 88' lang='lat' dir='ltr'><strong>suut</strong></span> <span class='ocrx_word' id='word_1_36' title='bbox 1046 576 1067 618; x_wconf 89' lang='lat' dir='ltr'><strong>a</strong></span> <span class='ocrx_word' id='word_1_37' title='bbox 1107 563 1112 566; x_wconf 84' lang='grc'><em>“</em></span> 
     </span>
     <span class='ocr_line' id='line_1_6' title="bbox 46 638 1067 725; baseline 0.005 -24"><span class='ocrx_word' id='word_1_38' title='bbox 46 645 94 706; x_wconf 82' lang='lat' dir='ltr'><strong>ate</strong></span> <span class='ocrx_word' id='word_1_39' title='bbox 115 640 218 724; x_wconf 89' lang='lat' dir='ltr'><strong>dicta,</strong></span> <span class='ocrx_word' id='word_1_40' title='bbox 243 639 299 704; x_wconf 75' lang='lat' dir='ltr'><strong>sed</strong></span> <span class='ocrx_word' id='word_1_41' title='bbox 320 639 381 723; x_wconf 85' lang='lat' dir='ltr'><strong>ita,</strong></span> <span class='ocrx_word' id='word_1_42' title='bbox 403 638 486 704; x_wconf 88' lang='lat' dir='ltr'><strong>nihil</strong></span> <span class='ocrx_word' id='word_1_43' title='bbox 509 641 546 704; x_wconf 90' lang='lat' dir='ltr'><strong>ut</strong></span> <span class='ocrx_word' id='word_1_44' title='bbox 569 639 749 723; x_wconf 87' lang='lat' dir='ltr'><strong>adfirmem,</strong></span> <span class='ocrx_word' id='word_1_45' title='bbox 772 662 925 724; x_wconf 81' lang='lat' dir='ltr'><strong>quaeram</strong></span> <span class='ocrx_word' id='word_1_46' title='bbox 948 641 1067 725; x_wconf 88' lang='lat' dir='ltr'><strong>omnia,</strong></span> 
     </span>
     <span class='ocr_line' id='line_1_7' title="bbox 66 726 1067 813; baseline 0.003 -21"><span class='ocrx_word' id='word_1_47' title='bbox 66 729 214 794; x_wconf 81' lang='lat' dir='ltr'><strong>dubitem</strong></span> <span class='ocrx_word' id='word_1_48' title='bbox 240 729 430 813; x_wconf 85' lang='lat' dir='ltr'><strong>plerumque</strong></span> <span class='ocrx_word' id='word_1_49' title='bbox 457 730 490 791; x_wconf 89' lang='lat' dir='ltr'><strong>et</strong></span> <span class='ocrx_word' id='word_1_50' title='bbox 517 726 597 791; x_wconf 90' lang='lat' dir='ltr'><strong>mihi</strong></span> <span class='ocrx_word' id='word_1_51' title='bbox 624 726 694 812; x_wconf 87' lang='lat' dir='ltr'><strong>ipse</strong></span> <span class='ocrx_word' id='word_1_52' title='bbox 721 727 878 796; x_wconf 88' lang='lat' dir='ltr'><strong>diffidens.</strong></span> <span class='ocrx_word' id='word_1_53' title='bbox 923 726 958 795; x_wconf 81' lang='lat' dir='ltr'><strong>Si</strong></span> <span class='ocrx_word' id='word_1_54' title='bbox 981 730 1067 795; x_wconf 89' lang='lat' dir='ltr'><strong>enim</strong></span> 
     </span>
     <span class='ocr_line' id='line_1_8' title="bbox 66 813 1067 904; baseline 0.002 -22"><span class='ocrx_word' id='word_1_55' title='bbox 66 817 184 902; x_wconf 86' lang='lat' dir='ltr'><strong>aliquid</strong></span> <span class='ocrx_word' id='word_1_56' title='bbox 207 816 289 882; x_wconf 84' lang='lat' dir='ltr'><strong>certi</strong></span> <span class='ocrx_word' id='word_1_57' title='bbox 309 813 472 898; x_wconf 87' lang='lat' dir='ltr'><strong>haberem,</strong></span> <span class='ocrx_word' id='word_1_58' title='bbox 495 815 582 899; x_wconf 91' lang='lat' dir='ltr'><strong>quod</strong></span> <span class='ocrx_word' id='word_1_59' title='bbox 604 813 751 898; x_wconf 82' lang='lat' dir='ltr'><strong>dicerem,</strong></span> <span class='ocrx_word' id='word_1_60' title='bbox 775 837 835 902; x_wconf 87' lang='lat' dir='ltr'><strong>ego</strong></span> <span class='ocrx_word' id='word_1_61' title='bbox 857 817 928 904; x_wconf 88' lang='lat' dir='ltr'><strong>ipse</strong></span> <span class='ocrx_word' id='word_1_62' title='bbox 946 817 1067 884; x_wconf 87' lang='lat' dir='ltr'><strong>divine·</strong></span> 
     </span>
     <span class='ocr_line' id='line_1_9' title="bbox 65 902 1104 989; baseline 0.002 -20"><span class='ocrx_word' id='word_1_63' title='bbox 65 928 139 987; x_wconf 90' lang='lat' dir='ltr'><strong>rem,</strong></span> <span class='ocrx_word' id='word_1_64' title='bbox 162 905 221 989; x_wconf 93' lang='lat' dir='ltr'><strong>qui</strong></span> <span class='ocrx_word' id='word_1_65' title='bbox 245 925 315 970; x_wconf 86' lang='lat' dir='ltr'><strong>esse</strong></span> <span class='ocrx_word' id='word_1_66' title='bbox 338 903 569 968; x_wconf 84' lang='lat' dir='ltr'><strong>divinationem</strong></span> <span class='ocrx_word' id='word_1_67' title='bbox 591 924 684 989; x_wconf 89' lang='lat' dir='ltr'><strong>nego.</strong></span> <span class='ocrx_word' id='word_1_68' title='bbox 729 902 860 968; x_wconf 81' lang='lat' dir='ltr'><strong>Etenim</strong></span> <span class='ocrx_word' id='word_1_69' title='bbox 884 924 935 969; x_wconf 88' lang='lat' dir='ltr'><strong>me</strong></span> <span class='ocrx_word' id='word_1_70' title='bbox 957 909 1104 972; x_wconf 82' lang='lat' dir='ltr'><strong>movete</strong></span> 
     </span>
     <span class='ocr_line' id='line_1_10' title="bbox 64 989 1068 1078; baseline 0.001 -21"><span class='ocrx_word' id='word_1_71' title='bbox 64 994 149 1078; x_wconf 91' lang='lat' dir='ltr'><strong>illud,</strong></span> <span class='ocrx_word' id='word_1_72' title='bbox 172 992 263 1077; x_wconf 92' lang='lat' dir='ltr'><strong>quod</strong></span> <span class='ocrx_word' id='word_1_73' title='bbox 284 991 319 1056; x_wconf 93' lang='lat' dir='ltr'><strong>in</strong></span> <span class='ocrx_word' id='word_1_74' title='bbox 335 991 450 1077; x_wconf 87' lang='lat' dir='ltr'><strong>primis</strong></span> <span class='ocrx_word' id='word_1_75' title='bbox 465 989 645 1057; x_wconf 84' lang='lat' dir='ltr'><strong>Oameades</strong></span> <span class='ocrx_word' id='word_1_76' title='bbox 665 1011 819 1074; x_wconf 82' lang='lat' dir='ltr'><strong>quaerere</strong></span> <span class='ocrx_word' id='word_1_77' title='bbox 832 990 969 1076; x_wconf 76' lang='lat' dir='ltr'><strong>solebat,</strong></span> <span class='ocrx_word' id='word_1_78' title='bbox 992 1015 1068 1076; x_wconf 90' lang='lat' dir='ltr'><strong>qua·</strong></span> 
     </span>
    </p>

    <p class='ocr_par' dir='ltr' id='par_1_3' title="bbox 37 1078 1070 1520">
     <span class='ocr_line' id='line_1_11' title="bbox 37 1078 1068 1166; baseline -0.001 -20"><span class='ocrx_word' id='word_1_79' title='bbox 37 1102 55 1138; x_wconf 82' lang='lat' dir='ltr'><strong>u</strong></span> <span class='ocrx_word' id='word_1_80' title='bbox 65 1103 209 1146; x_wconf 82' lang='lat' dir='ltr'><strong>numnam</strong></span> <span class='ocrx_word' id='word_1_81' title='bbox 232 1101 342 1146; x_wconf 90' lang='lat' dir='ltr'><strong>rerum</strong></span> <span class='ocrx_word' id='word_1_82' title='bbox 364 1078 520 1145; x_wconf 83' lang='lat' dir='ltr'><strong>divinatio</strong></span> <span class='ocrx_word' id='word_1_83' title='bbox 544 1081 643 1162; x_wconf 88' lang='lat' dir='ltr'><strong>esset,</strong></span> <span class='ocrx_word' id='word_1_84' title='bbox 671 1099 835 1164; x_wconf 87' lang='lat' dir='ltr'><strong>earumne,</strong></span> <span class='ocrx_word' id='word_1_85' title='bbox 863 1101 945 1166; x_wconf 85' lang='lat' dir='ltr'><strong>quae</strong></span> <span class='ocrx_word' id='word_1_86' title='bbox 968 1081 1068 1145; x_wconf 88' lang='lat' dir='ltr'><strong>sensi-</strong></span> 
     </span>
     <span class='ocr_line' id='line_1_12' title="bbox 65 1165 1069 1254; baseline 0 -20"><span class='ocrx_word' id='word_1_87' title='bbox 65 1169 117 1234; x_wconf 88' lang='lat' dir='ltr'><strong>bus</strong></span> <span class='ocrx_word' id='word_1_88' title='bbox 140 1168 395 1254; x_wconf 86' lang='lat' dir='ltr'><strong>perciperentur.</strong></span> <span class='ocrx_word' id='word_1_89' title='bbox 431 1165 477 1232; x_wconf 80' lang='lat' dir='ltr'><strong>Aa</strong></span> <span class='ocrx_word' id='word_1_90' title='bbox 499 1188 553 1233; x_wconf 88' lang='lat' dir='ltr'><strong>cas</strong></span> <span class='ocrx_word' id='word_1_91' title='bbox 572 1167 701 1252; x_wconf 89' lang='lat' dir='ltr'><strong>quidem</strong></span> <span class='ocrx_word' id='word_1_92' title='bbox 719 1167 888 1252; x_wconf 89' lang='lat' dir='ltr'><strong>cernimus,</strong></span> <span class='ocrx_word' id='word_1_93' title='bbox 911 1167 1069 1252; x_wconf 88' lang='lat' dir='ltr'><strong>audimus,</strong></span> 
     </span>
     <span class='ocr_line' id='line_1_13' title="bbox 66 1253 1070 1343; baseline 0.001 -21"><span class='ocrx_word' id='word_1_94' title='bbox 66 1262 247 1343; x_wconf 79' lang='lat' dir='ltr'><strong>gustamus,</strong></span> <span class='ocrx_word' id='word_1_95' title='bbox 276 1255 459 1340; x_wconf 83' lang='lat' dir='ltr'><strong>olfacimus,</strong></span> <span class='ocrx_word' id='word_1_96' title='bbox 489 1255 663 1340; x_wconf 86' lang='lat' dir='ltr'><strong>tangimus.</strong></span> <span class='ocrx_word' id='word_1_97' title='bbox 708 1253 796 1320; x_wconf 91' lang='lat' dir='ltr'><strong>Num</strong></span> <span class='ocrx_word' id='word_1_98' title='bbox 824 1255 901 1341; x_wconf 93' lang='lat' dir='ltr'><strong>quid</strong></span> <span class='ocrx_word' id='word_1_99' title='bbox 928 1278 1006 1343; x_wconf 86' lang='lat' dir='ltr'><strong>ergo</strong></span> <span class='ocrx_word' id='word_1_100' title='bbox 1034 1257 1070 1323; x_wconf 91' lang='lat' dir='ltr'><strong>in</strong></span> 
     </span>
     <span class='ocr_line' id='line_1_14' title="bbox 65 1343 1069 1428; baseline 0.001 -19"><span class='ocrx_word' id='word_1_101' title='bbox 65 1345 110 1409; x_wconf 90' lang='lat' dir='ltr'><strong>bis</strong></span> <span class='ocrx_word' id='word_1_102' title='bbox 131 1345 233 1412; x_wconf 87' lang='lat' dir='ltr'><strong>rebus</strong></span> <span class='ocrx_word' id='word_1_103' title='bbox 257 1347 317 1428; x_wconf 91' lang='lat' dir='ltr'><strong>est,</strong></span> <span class='ocrx_word' id='word_1_104' title='bbox 341 1343 427 1428; x_wconf 91' lang='lat' dir='ltr'><strong>quod</strong></span> <span class='ocrx_word' id='word_1_105' title='bbox 450 1343 635 1427; x_wconf 84' lang='lat' dir='ltr'><strong>provisione</strong></span> <span class='ocrx_word' id='word_1_106' title='bbox 654 1347 711 1408; x_wconf 90' lang='lat' dir='ltr'><strong>aut</strong></span> <span class='ocrx_word' id='word_1_107' title='bbox 728 1345 931 1428; x_wconf 84' lang='lat' dir='ltr'><strong>permotione</strong></span> <span class='ocrx_word' id='word_1_108' title='bbox 949 1346 1069 1410; x_wconf 86' lang='lat' dir='ltr'><strong>mentis</strong></span> 
     </span>
     <span class='ocr_line' id='line_1_15' title="bbox 66 1431 1069 1520; baseline 0 -22"><span class='ocrx_word' id='word_1_109' title='bbox 66 1434 164 1520; x_wconf 85' lang='lat' dir='ltr'><strong>magis</strong></span> <span class='ocrx_word' id='word_1_110' title='bbox 195 1453 295 1518; x_wconf 92' lang='lat' dir='ltr'><strong>quam</strong></span> <span class='ocrx_word' id='word_1_111' title='bbox 317 1435 435 1496; x_wconf 89' lang='lat' dir='ltr'><strong>natura</strong></span> <span class='ocrx_word' id='word_1_112' title='bbox 458 1431 530 1516; x_wconf 84' lang='lat' dir='ltr'><strong>ipsa</strong></span> <span class='ocrx_word' id='word_1_113' title='bbox 552 1431 752 1496; x_wconf 77' lang='lat' dir='ltr'><strong>sentiamus?</strong></span> <span class='ocrx_word' id='word_1_114' title='bbox 780 1436 838 1498; x_wconf 89' lang='lat' dir='ltr'><strong>aut</strong></span> <span class='ocrx_word' id='word_1_115' title='bbox 859 1455 938 1498; x_wconf 91' lang='lat' dir='ltr'><strong>num</strong></span> <span class='ocrx_word' id='word_1_116' title='bbox 959 1433 1069 1499; x_wconf 90' lang='lat' dir='ltr'><strong>nescio</strong></span> 
     </span>
    </p>

    <p class='ocr_par' dir='ltr' id='par_1_4' title="bbox 36 1518 1071 1956">
     <span class='ocr_line' id='line_1_16' title="bbox 36 1518 1070 1605; baseline -0.001 -18"><span class='ocrx_word' id='word_1_117' title='bbox 36 1540 54 1578; x_wconf 80' lang='lat'><strong>1⁵</strong></span> <span class='ocrx_word' id='word_1_118' title='bbox 66 1523 114 1605; x_wconf 88' lang='lat' dir='ltr'><strong>qui</strong></span> <span class='ocrx_word' id='word_1_119' title='bbox 135 1522 196 1587; x_wconf 93' lang='lat' dir='ltr'><strong>ille</strong></span> <span class='ocrx_word' id='word_1_120' title='bbox 220 1519 362 1603; x_wconf 87' lang='lat' dir='ltr'><strong>divinus,</strong></span> <span class='ocrx_word' id='word_1_121' title='bbox 385 1519 414 1584; x_wconf 90' lang='lat' dir='ltr'><strong>si</strong></span> <span class='ocrx_word' id='word_1_122' title='bbox 437 1518 537 1584; x_wconf 89' lang='lat' dir='ltr'><strong>oculis</strong></span> <span class='ocrx_word' id='word_1_123' title='bbox 561 1521 675 1603; x_wconf 89' lang='lat' dir='ltr'><strong>captus</strong></span> <span class='ocrx_word' id='word_1_124' title='bbox 699 1519 751 1601; x_wconf 92' lang='lat' dir='ltr'><strong>sit,</strong></span> <span class='ocrx_word' id='word_1_125' title='bbox 773 1523 811 1583; x_wconf 89' lang='lat' dir='ltr'><strong>ut</strong></span> <span class='ocrx_word' id='word_1_126' title='bbox 833 1519 974 1586; x_wconf 80' lang='lat' dir='ltr'><strong>Tiresias</strong></span> <span class='ocrx_word' id='word_1_127' title='bbox 997 1521 1070 1604; x_wconf 83' lang='lat' dir='ltr'><strong>fuit,</strong></span> 
     </span>
     <span class='ocr_line' id='line_1_17' title="bbox 66 1606 1070 1694; baseline -0.003 -19"><span class='ocrx_word' id='word_1_128' title='bbox 66 1610 172 1694; x_wconf 86' lang='lat' dir='ltr'><strong>possit,</strong></span> <span class='ocrx_word' id='word_1_129' title='bbox 193 1629 278 1693; x_wconf 89' lang='lat' dir='ltr'><strong>quae</strong></span> <span class='ocrx_word' id='word_1_130' title='bbox 296 1607 372 1672; x_wconf 88' lang='lat' dir='ltr'><strong>alba</strong></span> <span class='ocrx_word' id='word_1_131' title='bbox 386 1607 460 1691; x_wconf 85' lang='lat' dir='ltr'><strong>sint,</strong></span> <span class='ocrx_word' id='word_1_132' title='bbox 483 1627 564 1691; x_wconf 91' lang='lat' dir='ltr'><strong>quae</strong></span> <span class='ocrx_word' id='word_1_133' title='bbox 578 1607 683 1692; x_wconf 85' lang='lat' dir='ltr'><strong>nigra,</strong></span> <span class='ocrx_word' id='word_1_134' title='bbox 701 1606 805 1670; x_wconf 85' lang='lat' dir='ltr'><strong>dicere</strong></span> <span class='ocrx_word' id='word_1_135' title='bbox 824 1611 889 1690; x_wconf 90' lang='lat' dir='ltr'><strong>aut,</strong></span> <span class='ocrx_word' id='word_1_136' title='bbox 908 1607 937 1672; x_wconf 90' lang='lat' dir='ltr'><strong>si</strong></span> <span class='ocrx_word' id='word_1_137' title='bbox 954 1608 1070 1673; x_wconf 88' lang='lat' dir='ltr'><strong>surdus</strong></span> 
     </span>
     <span class='ocr_line' id='line_1_18' title="bbox 67 1692 1071 1780; baseline 0.001 -20"><span class='ocrx_word' id='word_1_138' title='bbox 67 1699 112 1780; x_wconf 88' lang='lat' dir='ltr'><strong>ait,</strong></span> <span class='ocrx_word' id='word_1_139' title='bbox 134 1698 316 1763; x_wconf 85' lang='lat' dir='ltr'><strong>varietates</strong></span> <span class='ocrx_word' id='word_1_140' title='bbox 338 1717 455 1760; x_wconf 85' lang='lat' dir='ltr'><strong>vocum</strong></span> <span class='ocrx_word' id='word_1_141' title='bbox 478 1697 535 1760; x_wconf 91' lang='lat' dir='ltr'><strong>aut</strong></span> <span class='ocrx_word' id='word_1_142' title='bbox 558 1693 670 1758; x_wconf 90' lang='lat' dir='ltr'><strong>modos</strong></span> <span class='ocrx_word' id='word_1_143' title='bbox 692 1694 847 1758; x_wconf 83' lang='lat' dir='ltr'><strong>noscere?</strong></span> <span class='ocrx_word' id='word_1_144' title='bbox 874 1692 927 1758; x_wconf 82' lang='lat' dir='ltr'><strong>Ad</strong></span> <span class='ocrx_word' id='word_1_145' title='bbox 944 1695 1071 1761; x_wconf 89' lang='lat' dir='ltr'><strong>nullam</strong></span> 
     </span>
     <span class='ocr_line' id='line_1_19' title="bbox 66 1781 1070 1871; baseline 0 -23"><span class='ocrx_word' id='word_1_146' title='bbox 66 1785 160 1871; x_wconf 84' lang='lat' dir='ltr'><strong>igitur</strong></span> <span class='ocrx_word' id='word_1_147' title='bbox 185 1805 299 1850; x_wconf 90' lang='lat' dir='ltr'><strong>earum</strong></span> <span class='ocrx_word' id='word_1_148' title='bbox 320 1803 438 1868; x_wconf 90' lang='lat' dir='ltr'><strong>rerum,</strong></span> <span class='ocrx_word' id='word_1_149' title='bbox 461 1804 543 1867; x_wconf 90' lang='lat' dir='ltr'><strong>quae</strong></span> <span class='ocrx_word' id='word_1_150' title='bbox 566 1802 662 1846; x_wconf 87' lang='lat' dir='ltr'><strong>sensu</strong></span> <span class='ocrx_word' id='word_1_151' title='bbox 681 1781 890 1867; x_wconf 88' lang='lat' dir='ltr'><strong>accipiuntur,</strong></span> <span class='ocrx_word' id='word_1_152' title='bbox 913 1781 1070 1848; x_wconf 84' lang='lat' dir='ltr'><strong>divinatio</strong></span> 
     </span>
     <span class='ocr_line' id='line_1_20' title="bbox 67 1868 1070 1956; baseline -0.002 -18"><span class='ocrx_word' id='word_1_153' title='bbox 67 1875 244 1939; x_wconf 86' lang='lat' dir='ltr'><strong>adhibetur.</strong></span> <span class='ocrx_word' id='word_1_154' title='bbox 290 1870 393 1956; x_wconf 85' lang='lat' dir='ltr'><strong>Atqui</strong></span> <span class='ocrx_word' id='word_1_155' title='bbox 418 1892 460 1937; x_wconf 91' lang='lat' dir='ltr'><strong>ne</strong></span> <span class='ocrx_word' id='word_1_156' title='bbox 482 1870 579 1935; x_wconf 90' lang='lat' dir='ltr'><strong>iniis</strong></span> <span class='ocrx_word' id='word_1_157' title='bbox 603 1868 732 1954; x_wconf 89' lang='lat' dir='ltr'><strong>quidem</strong></span> <span class='ocrx_word' id='word_1_158' title='bbox 754 1870 864 1954; x_wconf 90' lang='lat' dir='ltr'><strong>rebus,</strong></span> <span class='ocrx_word' id='word_1_159' title='bbox 894 1891 976 1953; x_wconf 85' lang='lat' dir='ltr'><strong>quae</strong></span> <span class='ocrx_word' id='word_1_160' title='bbox 1000 1875 1070 1938; x_wconf 86' lang='lat' dir='ltr'><strong>arte</strong></span> 
     </span>
    </p>

    <p class='ocr_par' dir='ltr' id='par_1_5' title="bbox 38 1955 1072 2133">
     <span class='ocr_line' id='line_1_21' title="bbox 38 1955 1070 2046; baseline 0 -20"><span class='ocrx_word' id='word_1_161' title='bbox 38 1965 261 2046; x_wconf 70' lang='lat' dir='ltr'><strong>cernuntur,</strong></span> <span class='ocrx_word' id='word_1_162' title='bbox 290 1959 489 2025; x_wconf 85' lang='lat' dir='ltr'><strong>divinatione</strong></span> <span class='ocrx_word' id='word_1_163' title='bbox 518 1970 603 2042; x_wconf 82' lang='lat' dir='ltr'><strong>opus</strong></span> <span class='ocrx_word' id='word_1_164' title='bbox 627 1961 685 2023; x_wconf 89' lang='lat' dir='ltr'><strong>est.</strong></span> <span class='ocrx_word' id='word_1_165' title='bbox 726 1955 858 2024; x_wconf 83' lang='lat' dir='ltr'><strong>Etenim</strong></span> <span class='ocrx_word' id='word_1_166' title='bbox 886 1958 926 2023; x_wconf 88' lang='lat' dir='ltr'><strong>ad</strong></span> <span class='ocrx_word' id='word_1_167' title='bbox 954 1980 1070 2046; x_wconf 86' lang='lat' dir='ltr'><strong>aegros</strong></span> 
     </span>
     <span class='ocr_line' id='line_1_22' title="bbox 66 2045 1072 2133; baseline -0.002 -19"><span class='ocrx_word' id='word_1_168' title='bbox 66 2071 125 2116; x_wconf 92' lang='lat' dir='ltr'><strong>non</strong></span> <span class='ocrx_word' id='word_1_169' title='bbox 146 2053 243 2116; x_wconf 79' lang='lat' dir='ltr'><strong>rates</strong></span> <span class='ocrx_word' id='word_1_170' title='bbox 261 2051 319 2115; x_wconf 91' lang='lat' dir='ltr'><strong>aut</strong></span> <span class='ocrx_word' id='word_1_171' title='bbox 335 2047 488 2129; x_wconf 87' lang='lat' dir='ltr'><strong>hariolos,</strong></span> <span class='ocrx_word' id='word_1_172' title='bbox 511 2045 567 2110; x_wconf 89' lang='lat' dir='ltr'><strong>sed</strong></span> <span class='ocrx_word' id='word_1_173' title='bbox 586 2045 726 2112; x_wconf 88' lang='lat' dir='ltr'><strong>medicos</strong></span> <span class='ocrx_word' id='word_1_174' title='bbox 745 2047 886 2112; x_wconf 89' lang='lat' dir='ltr'><strong>solemus</strong></span> <span class='ocrx_word' id='word_1_175' title='bbox 905 2047 1072 2133; x_wconf 89' lang='lat' dir='ltr'><strong>adducere,</strong></span> 
     </span>
    </p>

    <p class='ocr_par' dir='ltr' id='par_1_6' title="bbox 18 2133 1126 2396">
     <span class='ocr_line' id='line_1_23' title="bbox 18 2133 1071 2221; baseline 0.001 -20"><span class='ocrx_word' id='word_1_176' title='bbox 18 2177 21 2186; x_wconf 26' lang='grc' dir='ltr'><strong><em>Δ</em></strong></span> <span class='ocrx_word' id='word_1_177' title='bbox 66 2159 118 2204; x_wconf 91' lang='lat' dir='ltr'><strong>nec</strong></span> <span class='ocrx_word' id='word_1_178' title='bbox 144 2160 239 2221; x_wconf 86' lang='lat' dir='ltr'><strong>vero,</strong></span> <span class='ocrx_word' id='word_1_179' title='bbox 267 2135 323 2221; x_wconf 91' lang='lat' dir='ltr'><strong>qui</strong></span> <span class='ocrx_word' id='word_1_180' title='bbox 349 2135 467 2200; x_wconf 87' lang='lat' dir='ltr'><strong>fidibus</strong></span> <span class='ocrx_word' id='word_1_181' title='bbox 489 2137 547 2199; x_wconf 89' lang='lat' dir='ltr'><strong>aut</strong></span> <span class='ocrx_word' id='word_1_182' title='bbox 569 2133 660 2198; x_wconf 87' lang='lat' dir='ltr'><strong>tibiis</strong></span> <span class='ocrx_word' id='word_1_183' title='bbox 682 2134 732 2198; x_wconf 92' lang='lat' dir='ltr'><strong>uti</strong></span> <span class='ocrx_word' id='word_1_184' title='bbox 755 2135 882 2219; x_wconf 84' lang='lat' dir='ltr'><strong>volunt,</strong></span> <span class='ocrx_word' id='word_1_185' title='bbox 911 2135 952 2202; x_wconf 87' lang='lat' dir='ltr'><strong>ab</strong></span> <span class='ocrx_word' id='word_1_186' title='bbox 975 2136 1071 2202; x_wconf 89' lang='lat' dir='ltr'><strong>haru-</strong></span> 
     </span>
     <span class='ocr_line' id='line_1_24' title="bbox 68 2222 1070 2310; baseline 0 -21"><span class='ocrx_word' id='word_1_187' title='bbox 68 2227 207 2310; x_wconf 75' lang='lat' dir='ltr'><strong>apicibus</strong></span> <span class='ocrx_word' id='word_1_188' title='bbox 232 2223 393 2309; x_wconf 84' lang='lat' dir='ltr'><strong>accipiunt</strong></span> <span class='ocrx_word' id='word_1_189' title='bbox 416 2243 527 2288; x_wconf 88' lang='lat' dir='ltr'><strong>earum</strong></span> <span class='ocrx_word' id='word_1_190' title='bbox 549 2223 789 2308; x_wconf 85' lang='lat' dir='ltr'><strong>tractationem,</strong></span> <span class='ocrx_word' id='word_1_191' title='bbox 813 2222 869 2288; x_wconf 89' lang='lat' dir='ltr'><strong>sed</strong></span> <span class='ocrx_word' id='word_1_192' title='bbox 891 2225 1070 2290; x_wconf 87' lang='lat' dir='ltr'><strong>a-musicis.</strong></span> 
     </span>
     <span class='ocr_line' id='line_1_25' title="bbox 67 2310 1126 2396; baseline -0.003 -19"><span class='ocrx_word' id='word_1_193' title='bbox 67 2312 185 2380; x_wconf 83' lang='lat' dir='ltr'><strong>Eadem</strong></span> <span class='ocrx_word' id='word_1_194' title='bbox 208 2313 245 2377; x_wconf 92' lang='lat' dir='ltr'><strong>in</strong></span> <span class='ocrx_word' id='word_1_195' title='bbox 267 2312 386 2378; x_wconf 88' lang='lat' dir='ltr'><strong>litteris</strong></span> <span class='ocrx_word' id='word_1_196' title='bbox 409 2311 494 2376; x_wconf 88' lang='lat' dir='ltr'><strong>ratio</strong></span> <span class='ocrx_word' id='word_1_197' title='bbox 517 2313 567 2375; x_wconf 90' lang='lat' dir='ltr'><strong>est</strong></span> <span class='ocrx_word' id='word_1_198' title='bbox 588 2310 786 2396; x_wconf 89' lang='lat' dir='ltr'><strong>reliquisque</strong></span> <span class='ocrx_word' id='word_1_199' title='bbox 804 2311 910 2395; x_wconf 90' lang='lat' dir='ltr'><strong>rebus,</strong></span> <span class='ocrx_word' id='word_1_200' title='bbox 933 2325 1126 2395; x_wconf 89' lang='lat' dir='ltr'><strong>quarum1o</strong></span> 
     </span>
    </p>

    <p class='ocr_par' dir='ltr' id='par_1_7' title="bbox 38 2397 1072 2839">
     <span class='ocr_line' id='line_1_26' title="bbox 38 2397 1071 2485; baseline -0.001 -19"><span class='ocrx_word' id='word_1_201' title='bbox 38 2417 57 2457; x_wconf 78' lang='lat'><strong>²⁵</strong></span> <span class='ocrx_word' id='word_1_202' title='bbox 69 2408 113 2467; x_wconf 89' lang='lat' dir='ltr'><strong>est</strong></span> <span class='ocrx_word' id='word_1_203' title='bbox 132 2399 315 2485; x_wconf 85' lang='lat' dir='ltr'><strong>disciplina.</strong></span> <span class='ocrx_word' id='word_1_204' title='bbox 351 2397 439 2464; x_wconf 90' lang='lat' dir='ltr'><strong>Num</strong></span> <span class='ocrx_word' id='word_1_205' title='bbox 458 2419 567 2464; x_wconf 85' lang='lat' dir='ltr'><strong>censes</strong></span> <span class='ocrx_word' id='word_1_206' title='bbox 586 2418 651 2483; x_wconf 88' lang='lat' dir='ltr'><strong>eos,</strong></span> <span class='ocrx_word' id='word_1_207' title='bbox 674 2399 731 2483; x_wconf 89' lang='lat' dir='ltr'><strong>qui</strong></span> <span class='ocrx_word' id='word_1_208' title='bbox 748 2398 893 2464; x_wconf 88' lang='lat' dir='ltr'><strong>divinare</strong></span> <span class='ocrx_word' id='word_1_209' title='bbox 913 2399 1071 2484; x_wconf 91' lang='lat' dir='ltr'><strong>dicuntur,</strong></span> 
     </span>
     <span class='ocr_line' id='line_1_27' title="bbox 67 2485 1071 2573; baseline -0.003 -17"><span class='ocrx_word' id='word_1_210' title='bbox 67 2513 157 2573; x_wconf 89' lang='lat' dir='ltr'><strong>posse</strong></span> <span class='ocrx_word' id='word_1_211' title='bbox 181 2487 386 2573; x_wconf 87' lang='lat' dir='ltr'><strong>respondere,</strong></span> <span class='ocrx_word' id='word_1_212' title='bbox 409 2487 459 2553; x_wconf 92' lang='lat' dir='ltr'><strong>sol</strong></span> <span class='ocrx_word' id='word_1_213' title='bbox 481 2486 626 2552; x_wconf 87' lang='lat' dir='ltr'><strong>maiorne</strong></span> <span class='ocrx_word' id='word_1_214' title='bbox 649 2507 748 2571; x_wconf 88' lang='lat' dir='ltr'><strong>quam</strong></span> <span class='ocrx_word' id='word_1_215' title='bbox 769 2489 859 2551; x_wconf 87' lang='lat' dir='ltr'><strong>terra</strong></span> <span class='ocrx_word' id='word_1_216' title='bbox 879 2485 923 2551; x_wconf 88' lang='lat' dir='ltr'><strong>sit</strong></span> <span class='ocrx_word' id='word_1_217' title='bbox 941 2508 983 2551; x_wconf 88' lang='lat' dir='ltr'><strong>an</strong></span> <span class='ocrx_word' id='word_1_218' title='bbox 1001 2491 1071 2553; x_wconf 87' lang='lat' dir='ltr'><strong>tan·</strong></span> 
     </span>
     <span class='ocr_line' id='line_1_28' title="bbox 67 2573 1070 2665; baseline -0.003 -22"><span class='ocrx_word' id='word_1_219' title='bbox 67 2583 128 2664; x_wconf 92' lang='lat' dir='ltr'><strong>tus,</strong></span> <span class='ocrx_word' id='word_1_220' title='bbox 157 2580 300 2665; x_wconf 85' lang='lat' dir='ltr'><strong>quantus</strong></span> <span class='ocrx_word' id='word_1_221' title='bbox 326 2575 496 2640; x_wconf 78' lang='lat' dir='ltr'><strong>videatur?</strong></span> <span class='ocrx_word' id='word_1_222' title='bbox 524 2575 665 2658; x_wconf 91' lang='lat' dir='ltr'><strong>lunaque</strong></span> <span class='ocrx_word' id='word_1_223' title='bbox 692 2594 751 2638; x_wconf 92' lang='lat' dir='ltr'><strong>suo</strong></span> <span class='ocrx_word' id='word_1_224' title='bbox 779 2573 901 2639; x_wconf 87' lang='lat' dir='ltr'><strong>lumine</strong></span> <span class='ocrx_word' id='word_1_225' title='bbox 927 2595 969 2639; x_wconf 90' lang='lat' dir='ltr'><strong>an</strong></span> <span class='ocrx_word' id='word_1_226' title='bbox 991 2575 1070 2640; x_wconf 89' lang='lat' dir='ltr'><strong>eolis</strong></span> 
     </span>
     <span class='ocr_line' id='line_1_29' title="bbox 68 2661 1070 2747; baseline -0.002 -16"><span class='ocrx_word' id='word_1_227' title='bbox 68 2669 198 2734; x_wconf 82' lang='lat' dir='ltr'><strong>utatur?</strong></span> <span class='ocrx_word' id='word_1_228' title='bbox 223 2664 282 2747; x_wconf 88' lang='lat' dir='ltr'><strong>sol,</strong></span> <span class='ocrx_word' id='word_1_229' title='bbox 300 2664 378 2729; x_wconf 90' lang='lat' dir='ltr'><strong>luna</strong></span> <span class='ocrx_word' id='word_1_230' title='bbox 396 2684 492 2747; x_wconf 90' lang='lat' dir='ltr'><strong>quem</strong></span> <span class='ocrx_word' id='word_1_231' title='bbox 510 2666 635 2728; x_wconf 90' lang='lat' dir='ltr'><strong>motum</strong></span> <span class='ocrx_word' id='word_1_232' title='bbox 652 2661 796 2726; x_wconf 82' lang='lat' dir='ltr'><strong>habeat?</strong></span> <span class='ocrx_word' id='word_1_233' title='bbox 816 2683 911 2746; x_wconf 90' lang='lat' dir='ltr'><strong>quem</strong></span> <span class='ocrx_word' id='word_1_234' title='bbox 930 2661 1070 2747; x_wconf 92' lang='lat' dir='ltr'><strong>quinque</strong></span> 
     </span>
     <span class='ocr_line' id='line_1_30' title="bbox 70 2748 1072 2839; baseline -0.002 -21"><span class='ocrx_word' id='word_1_235' title='bbox 70 2757 193 2839; x_wconf 83' lang='lat' dir='ltr'><strong>stellae,</strong></span> <span class='ocrx_word' id='word_1_236' title='bbox 223 2772 304 2838; x_wconf 89' lang='lat' dir='ltr'><strong>quae</strong></span> <span class='ocrx_word' id='word_1_237' title='bbox 332 2770 439 2816; x_wconf 91' lang='lat' dir='ltr'><strong>errare</strong></span> <span class='ocrx_word' id='word_1_238' title='bbox 468 2749 639 2817; x_wconf 82' lang='lat' dir='ltr'><strong>dicuntur?</strong></span> <span class='ocrx_word' id='word_1_239' title='bbox 673 2748 741 2815; x_wconf 89' lang='lat' dir='ltr'><strong>Nec</strong></span> <span class='ocrx_word' id='word_1_240' title='bbox 768 2749 860 2833; x_wconf 89' lang='lat' dir='ltr'><strong>haec,</strong></span> <span class='ocrx_word' id='word_1_241' title='bbox 888 2749 944 2834; x_wconf 90' lang='lat' dir='ltr'><strong>qui</strong></span> <span class='ocrx_word' id='word_1_242' title='bbox 971 2750 1072 2817; x_wconf 89' lang='lat' dir='ltr'><strong>divini</strong></span> 
     </span>
    </p>

    <p class='ocr_par' dir='ltr' id='par_1_8' title="bbox 39 2836 1127 3279">
     <span class='ocr_line' id='line_1_31' title="bbox 39 2836 1071 2926; baseline 0.001 -21"><span class='ocrx_word' id='word_1_243' title='bbox 39 2841 235 2926; x_wconf 70' lang='lat' dir='ltr'><strong>elabantur,</strong></span> <span class='ocrx_word' id='word_1_244' title='bbox 253 2839 448 2924; x_wconf 88' lang='lat' dir='ltr'><strong>profitentur</strong></span> <span class='ocrx_word' id='word_1_245' title='bbox 466 2859 500 2904; x_wconf 90' lang='lat' dir='ltr'><strong>se</strong></span> <span class='ocrx_word' id='word_1_246' title='bbox 518 2859 588 2905; x_wconf 86' lang='lat' dir='ltr'><strong>esse</strong></span> <span class='ocrx_word' id='word_1_247' title='bbox 607 2836 759 2920; x_wconf 87' lang='lat' dir='ltr'><strong>dicturos,</strong></span> <span class='ocrx_word' id='word_1_248' title='bbox 777 2858 835 2902; x_wconf 90' lang='lat' dir='ltr'><strong>nec</strong></span> <span class='ocrx_word' id='word_1_249' title='bbox 849 2858 970 2924; x_wconf 87' lang='lat' dir='ltr'><strong>eorum,</strong></span> <span class='ocrx_word' id='word_1_250' title='bbox 989 2860 1071 2923; x_wconf 85' lang='lat' dir='ltr'><strong>queo</strong></span> 
     </span>
     <span class='ocr_line' id='line_1_32' title="bbox 69 2924 1127 3017; baseline -0.006 -24"><span class='ocrx_word' id='word_1_251' title='bbox 69 2929 100 2993; x_wconf 92' lang='lat' dir='ltr'><strong>in</strong></span> <span class='ocrx_word' id='word_1_252' title='bbox 121 2927 303 3017; x_wconf 85' lang='lat' dir='ltr'><strong>geometria</strong></span> <span class='ocrx_word' id='word_1_253' title='bbox 323 2926 556 3010; x_wconf 87' lang='lat' dir='ltr'><strong>describuntur,</strong></span> <span class='ocrx_word' id='word_1_254' title='bbox 579 2946 660 3010; x_wconf 87' lang='lat' dir='ltr'><strong>quae</strong></span> <span class='ocrx_word' id='word_1_255' title='bbox 679 2947 766 3010; x_wconf 88' lang='lat' dir='ltr'><strong>vera,</strong></span> <span class='ocrx_word' id='word_1_256' title='bbox 789 2946 870 3010; x_wconf 87' lang='lat' dir='ltr'><strong>quae</strong></span> <span class='ocrx_word' id='word_1_257' title='bbox 887 2924 973 2993; x_wconf 88' lang='lat' dir='ltr'><strong>falsa</strong></span> <span class='ocrx_word' id='word_1_258' title='bbox 992 2927 1073 3011; x_wconf 78' lang='lat' dir='ltr'><strong>sint3</strong></span> <span class='ocrx_word' id='word_1_259' title='bbox 1123 2979 1127 2987; x_wconf 86' lang='lat'><em>.</em></span> 
     </span>
     <span class='ocr_line' id='line_1_33' title="bbox 71 3014 968 3098; baseline 0 -18"><span class='ocrx_word' id='word_1_260' title='bbox 71 3025 141 3083; x_wconf 90' lang='lat' dir='ltr'><strong>sunt</strong></span> <span class='ocrx_word' id='word_1_261' title='bbox 165 3019 252 3084; x_wconf 92' lang='lat' dir='ltr'><strong>enim</strong></span> <span class='ocrx_word' id='word_1_262' title='bbox 275 3037 313 3079; x_wconf 89' lang='lat' dir='ltr'><strong>ea</strong></span> <span class='ocrx_word' id='word_1_263' title='bbox 335 3015 649 3098; x_wconf 85' lang='lat' dir='ltr'><strong>mathematicorum,</strong></span> <span class='ocrx_word' id='word_1_264' title='bbox 672 3033 738 3079; x_wconf 89' lang='lat' dir='ltr'><strong>non</strong></span> <span class='ocrx_word' id='word_1_265' title='bbox 759 3014 968 3080; x_wconf 86' lang='lat' dir='ltr'><strong>hariolorum.</strong></span> 
     </span>
     <span class='ocr_line' id='line_1_34' title="bbox 130 3100 1113 3186; baseline 0 -15"><span class='ocrx_word' id='word_1_266' title='bbox 130 3106 181 3172; x_wconf 92' lang='lat' dir='ltr'><strong>De</strong></span> <span class='ocrx_word' id='word_1_267' title='bbox 207 3105 275 3171; x_wconf 88' lang='lat' dir='ltr'><strong>illis</strong></span> <span class='ocrx_word' id='word_1_268' title='bbox 302 3125 380 3169; x_wconf 82' lang='lat' dir='ltr'><strong>vero</strong></span> <span class='ocrx_word' id='word_1_269' title='bbox 407 3103 518 3186; x_wconf 90' lang='lat' dir='ltr'><strong>rebus,</strong></span> <span class='ocrx_word' id='word_1_270' title='bbox 545 3123 627 3186; x_wconf 87' lang='lat' dir='ltr'><strong>quae</strong></span> <span class='ocrx_word' id='word_1_271' title='bbox 653 3100 688 3164; x_wconf 92' lang='lat' dir='ltr'><strong>in</strong></span> <span class='ocrx_word' id='word_1_272' title='bbox 710 3102 920 3186; x_wconf 90' lang='lat' dir='ltr'><strong>philosophia</strong></span> <span class='ocrx_word' id='word_1_273' title='bbox 941 3109 1113 3171; x_wconf 79' lang='lat' dir='ltr'><strong>versun-4</strong></span> 
     </span>
     <span class='ocr_line' id='line_1_35' title="bbox 72 3190 1072 3279; baseline -0.003 -24"><span class='ocrx_word' id='word_1_274' title='bbox 72 3195 133 3279; x_wconf 90' lang='lat' dir='ltr'><strong>tur,</strong></span> <span class='ocrx_word' id='word_1_275' title='bbox 154 3217 233 3260; x_wconf 91' lang='lat' dir='ltr'><strong>num</strong></span> <span class='ocrx_word' id='word_1_276' title='bbox 257 3191 333 3278; x_wconf 93' lang='lat' dir='ltr'><strong>quid</strong></span> <span class='ocrx_word' id='word_1_277' title='bbox 356 3196 415 3274; x_wconf 88' lang='lat' dir='ltr'><strong>est,</strong></span> <span class='ocrx_word' id='word_1_278' title='bbox 438 3190 524 3275; x_wconf 91' lang='lat' dir='ltr'><strong>quod</strong></span> <span class='ocrx_word' id='word_1_279' title='bbox 546 3191 718 3275; x_wconf 89' lang='lat' dir='ltr'><strong>quisquam</strong></span> <span class='ocrx_word' id='word_1_280' title='bbox 741 3190 922 3255; x_wconf 88' lang='lat' dir='ltr'><strong>divinorum</strong></span> <span class='ocrx_word' id='word_1_281' title='bbox 946 3193 1002 3253; x_wconf 90' lang='lat' dir='ltr'><strong>aut</strong></span> <span class='ocrx_word' id='word_1_282' title='bbox 1024 3210 1072 3253; x_wconf 91' lang='lat' dir='ltr'><strong>re·</strong></span> 
     </span>
    </p>

    <p class='ocr_par' dir='ltr' id='par_1_9' title="bbox 41 3275 1121 3541">
     <span class='ocr_line' id='line_1_36' title="bbox 41 3275 1072 3364; baseline -0.004 -21"><span class='ocrx_word' id='word_1_283' title='bbox 41 3289 61 3330; x_wconf 75' lang='lat'><strong>³⁵</strong></span> <span class='ocrx_word' id='word_1_284' title='bbox 72 3282 224 3364; x_wconf 87' lang='lat' dir='ltr'><strong>spondere</strong></span> <span class='ocrx_word' id='word_1_285' title='bbox 256 3281 361 3346; x_wconf 88' lang='lat' dir='ltr'><strong>soleat</strong></span> <span class='ocrx_word' id='word_1_286' title='bbox 393 3281 450 3346; x_wconf 88' lang='lat' dir='ltr'><strong>aut</strong></span> <span class='ocrx_word' id='word_1_287' title='bbox 482 3279 619 3361; x_wconf 87' lang='lat' dir='ltr'><strong>consuli,</strong></span> <span class='ocrx_word' id='word_1_288' title='bbox 652 3278 729 3361; x_wconf 89' lang='lat' dir='ltr'><strong>quid</strong></span> <span class='ocrx_word' id='word_1_289' title='bbox 755 3278 876 3342; x_wconf 91' lang='lat' dir='ltr'><strong>bonum</strong></span> <span class='ocrx_word' id='word_1_290' title='bbox 904 3275 962 3358; x_wconf 89' lang='lat' dir='ltr'><strong>sit,</strong></span> <span class='ocrx_word' id='word_1_291' title='bbox 995 3275 1072 3359; x_wconf 91' lang='lat' dir='ltr'><strong>quid</strong></span> 
     </span>
     <span class='ocr_line' id='line_1_37' title="bbox 74 3362 1071 3455; baseline -0.005 -23"><span class='ocrx_word' id='word_1_292' title='bbox 74 3371 199 3454; x_wconf 91' lang='lat' dir='ltr'><strong>malum,</strong></span> <span class='ocrx_word' id='word_1_293' title='bbox 221 3369 299 3455; x_wconf 91' lang='lat' dir='ltr'><strong>quid</strong></span> <span class='ocrx_word' id='word_1_294' title='bbox 321 3366 492 3434; x_wconf 79' lang='lat' dir='ltr'><strong>neutrum?</strong></span> <span class='ocrx_word' id='word_1_295' title='bbox 516 3369 591 3430; x_wconf 89' lang='lat' dir='ltr'><strong>sunt</strong></span> <span class='ocrx_word' id='word_1_296' title='bbox 613 3365 700 3430; x_wconf 90' lang='lat' dir='ltr'><strong>enim</strong></span> <span class='ocrx_word' id='word_1_297' title='bbox 718 3365 798 3430; x_wconf 91' lang='lat' dir='ltr'><strong>haec</strong></span> <span class='ocrx_word' id='word_1_298' title='bbox 815 3362 949 3447; x_wconf 90' lang='lat' dir='ltr'><strong>propria</strong></span> <span class='ocrx_word' id='word_1_299' title='bbox 965 3362 1071 3446; x_wconf 92' lang='lat' dir='ltr'><strong>philo·</strong></span> 
     </span>
     <span class='ocr_line' id='line_1_38' title="bbox 74 3448 1121 3541; baseline -0.009 -23"><span class='ocrx_word' id='word_1_300' title='bbox 74 3457 253 3541; x_wconf 90' lang='lat' dir='ltr'><strong>sophorum.</strong></span> <span class='ocrx_word' id='word_1_301' title='bbox 285 3456 390 3534; x_wconf 78' lang='lat' dir='ltr'><strong>Quid?</strong></span> <span class='ocrx_word' id='word_1_302' title='bbox 414 3456 453 3520; x_wconf 91' lang='lat' dir='ltr'><strong>de</strong></span> <span class='ocrx_word' id='word_1_303' title='bbox 471 3452 578 3518; x_wconf 87' lang='lat' dir='ltr'><strong>officio</strong></span> <span class='ocrx_word' id='word_1_304' title='bbox 596 3474 673 3517; x_wconf 90' lang='lat' dir='ltr'><strong>num</strong></span> <span class='ocrx_word' id='word_1_305' title='bbox 693 3452 766 3535; x_wconf 91' lang='lat' dir='ltr'><strong>quis</strong></span> <span class='ocrx_word' id='word_1_306' title='bbox 781 3448 986 3534; x_wconf 87' lang='lat' dir='ltr'><strong>haruspicem</strong></span> <span class='ocrx_word' id='word_1_307' title='bbox 1000 3472 1072 3516; x_wconf 92' lang='lat' dir='ltr'><strong>con·</strong></span> <span class='ocrx_word' id='word_1_308' title='bbox 1092 3461 1121 3510; x_wconf 79' lang='lat'><strong>11</strong></span> 
     </span>
    </p>
   </div>
   <div class='ocr_carea' id='block_1_3' title="bbox 0 0 1239 3934">
    <p class='ocr_par' dir='ltr' id='par_1_10' title="bbox 0 0 1239 3934">
     <span class='ocr_line' id='line_1_39' title="bbox 0 0 1239 3934; baseline 0 0"><span class='ocrx_word' id='word_1_309' title='bbox 0 0 1239 3934; x_wconf 95' lang='lat' dir='ltr'><strong> </strong></span> 
     </span>
    </p>
   </div>
  </div>
 </body>
</html>
