2478 3936
154 165 218 232 108
464 164 513 218 DE
531 165 683 220 NATURA
700 163 855 219 DEORUM

115 271 134 397 1
221 309 309 386 Quae
339 331 412 375 cum
441 308 565 374 Balbus
598 309 745 393 dixisset,
776 313 847 375 tum
879 308 1027 374 adridens
1052 306 1167 374 Cotta:

154 397 247 482 Sero,
275 397 394 482 inquit,
422 397 516 482 mihi,
542 395 658 482 Balbe,
684 397 857 482 praecipis,
886 397 963 480 quid
984 396 1167 462 defendam.

153 486 226 572 Ego
250 485 337 551 enim
360 489 394 550 te
417 485 613 572 disputante,
636 485 713 569 quid
736 485 1014 568 contradicerem,
1037 507 1168 550 mecum

154 575 224 660 ipse
247 574 442 658 meditabar,
464 595 568 658 neque
591 577 661 638 tam
683 573 851 639 refellendi
873 573 923 638 tui
945 594 1043 660 causa
1067 594 1168 657 quam

155 684 202 747 ea,
226 683 307 746 quae
331 662 437 728 minus
460 661 702 748 intellegebam,
724 660 915 746 requirendi.
953 660 1035 726 Cum
1055 665 1168 726 autem
1194 680 1209 722 ε

156 771 214 816 suo
238 750 352 834 cuique
375 750 493 816 iudicio
516 751 560 815 sit
583 750 746 835 utendum,
772 749 903 814 difficile
925 749 1016 814 factu
1038 752 1091 814 est
1114 771 1167 814 me

120 839 189 904 aid
217 838 349 923 sentire,
377 837 463 923 quod
489 842 527 904 tu
548 838 639 904 velis.
684 838 746 904 Hic
768 836 927 904 Velleius:
959 835 1091 922 Nescis,
1120 837 1169 902 in-

157 927 236 1013 quit,
260 930 382 1011 quanta
405 948 477 992 eum
501 925 748 1012 exspectatione,
772 924 879 1010 Cotta,
902 925 964 990 sim
986 928 1020 990 te
1039 925 1166 990 auditu·

156 1037 220 1081 rus.
265 1014 426 1080 Iucundus
450 1015 535 1081 enim
557 1013 662 1080 Balbo
685 1019 798 1080 nostro
822 1035 927 1079 sermo
951 1017 1026 1078 tuus
1051 1017 1169 1078 contra

155 1101 332 1189 Epicurum
349 1103 425 1187 fuit3
466 1103 606 1168 raebebo
621 1103 724 1189 igitur
738 1124 799 1188 ego
814 1124 865 1167 me
879 1102 942 1166 tibi
959 1100 1106 1167 vicissim
1121 1106 1168 1166 at·
1182 1122 1207 1162 ιο

156 1195 284 1256 tentum
307 1195 422 1256 contra
443 1126 570 1256 Btoicos
594 1191 782 1256 auditorem.
828 1187 930 1275 Spero
953 1189 1039 1254 enim
1063 1193 1107 1272 te,
1130 1194 1169 1254 ut

122 1299 138 1348 3
159 1280 259 1362 soles,
282 1279 363 1343 bene
385 1281 537 1364 paratum
558 1279 675 1346 venire.
720 1279 804 1344 Tum
826 1276 938 1344 Cotta:
966 1275 1019 1344 Sic
1041 1278 1168 1344 meher-

157 1367 241 1449 cule,
268 1365 389 1450 inquit,
416 1364 536 1451 Vellei3
562 1367 775 1450 nequeenim
797 1366 878 1431 mibi
900 1388 960 1450 par
983 1366 1070 1431 ratio
1094 1388 1168 1432 curn

156 1453 281 1519 Lucilio
310 1457 359 1518 est
387 1475 424 1518 ac
445 1452 556 1520 ‘tecum
570 1455 654 1520 ruit.
700 1453 762 1530 Qui
784 1454 937 1520 tandem?
969 1454 1078 1537 inquit
1101 1455 1168 1519 ille.

158 1541 240 1618 Quia
261 1541 343 1607 mihi
365 1541 492 1608 videtur
505 1541 664 1627 Epicurus
682 1546 791 1609 vester
809 1543 847 1608 de
867 1542 915 1606 dis
933 1542 1167 1607 inmortalibus
1183 1560 1207 1600 1⁵

157 1652 223 1696 non
249 1651 448 1716 magnopere
474 1652 633 1717 pugnam
664 1634 794 1696 tantum
820 1631 915 1696 modo
942 1651 1065 1716 negare
1090 1632 1168 1696 deos

158 1740 316 1784 essenon
339 1720 444 1804 audet,
466 1740 507 1784 ne
530 1718 608 1803 quid
628 1719 768 1784 invidiae
792 1720 907 1785 subeat
930 1722 987 1784 aut
1009 1719 1167 1783 criminis.

158 1806 239 1873 Cum
270 1823 347 1872 vero
380 1807 457 1872 deos
487 1807 570 1871 nihil
603 1827 713 1893 agere,
744 1807 827 1872 nibil
855 1828 966 1873 curare
993 1807 1169 1872 confirmat

158 1894 375 1979 membrisque
398 1895 549 1960 humanis
573 1917 643 1960 esse
664 1894 839 1981 praeditos,
862 1894 919 1960 sed
937 1915 1048 1958 eorum
1068 1917 1168 1960 mem-

156 1984 290 2058 brorum
312 2003 407 2049 usum
429 1983 556 2048 nullum
578 1983 710 2068 habere,
737 1980 847 2049 lu'dere
870 1981 997 2050 videtur
1020 1983 1168 2067 satisque
1182 2003 1207 2042 1ο
1235 1983 1236 1994 ’

157 2074 286 2157 putare,
317 2070 345 2135 si
374 2071 492 2136 dixerit
518 2092 588 2136 esse
616 2072 777 2156 quandam
804 2072 935 2136 beatam
956 2073 1112 2135 naturam
1135 2076 1169 2135 et
1235 2087 1236 2094 ¹

123 2178 140 2228 4
159 2162 332 2223 aeternam.
368 2157 400 2223 A
412 2157 518 2224 Balbo
533 2163 642 2224 autem
656 2159 925 2242 animadvertisti,
944 2159 1047 2242 credo,
1068 2181 1168 2242 quam

158 2247 263 2312 multa
286 2245 373 2312 dicta
396 2247 463 2312 sint
481 2269 649 2332 quamque,
673 2246 802 2313 etiamsi
819 2248 926 2313 minus
946 2268 1031 2331 vera,
1054 2250 1169 2312 tamen

159 2338 237 2420 apta
263 2334 349 2400 inter
372 2356 406 2400 se
429 2339 463 2399 et
485 2335 700 2400 cohaerentia.
744 2335 860 2420 Itaque
883 2334 1007 2420 cogito,
1028 2339 1067 2398 ut
1092 2335 1168 2419 dixi,
1235 2399 1236 2428 ἶ

157 2444 224 2489 non
246 2426 315 2488 tam
337 2422 485 2488 refellere
508 2423 576 2488 eius
600 2424 782 2489 orationem
805 2447 904 2508 quam
927 2444 978 2505 ea,
1001 2444 1085 2506 quae
1109 2425 1168 2488 mi·
1181 2440 1206 2482 ss
1235 2455 1236 2502 3

157 2532 218 2576 nus
241 2510 401 2596 intellexi,
428 2511 599 2595 requirere.
645 2510 758 2596 Quare,
780 2510 893 2597 Balbe,
915 2511 977 2576 tibi
999 2512 1167 2595 permitto,
1235 2521 1236 2560 ἲ

157 2599 391 2684 responderene
418 2599 499 2664 mihi
525 2599 621 2666 malis
650 2599 688 2664 de
716 2599 853 2686 singulis
877 2601 973 2665 rebus
997 2599 1169 2682 quaerenti
1235 2645 1236 2652 .

159 2709 198 2753 ex
224 2691 257 2752 te
284 2709 338 2772 ea,
370 2709 452 2772 quae
481 2710 596 2773 parum
625 2688 758 2773 accepi,
775 2710 817 2754 an
844 2689 1026 2754 universam
1054 2688 1167 2752 audire

158 2775 339 2842 orationem
362 2797 476 2842 meam.
513 2776 597 2841 Tum
610 2775 748 2840 Balbus:
771 2775 844 2860 Ego
863 2797 948 2859 varo,
972 2775 1000 2839 si
1019 2775 1097 2859 quid
1115 2798 1167 2840 ex·

157 2863 286 2949 planari
312 2863 374 2927 tibi
400 2864 505 2947 voles,
532 2864 725 2949 respondere
753 2865 854 2948 malo,
883 2865 933 2928 sin
955 2884 1006 2927 me
1029 2864 1166 2928 interro·
1179 2881 1204 2921 so

159 2971 237 3037 gare
272 2971 338 3014 non
374 2954 444 3014 tarn
479 2951 690 3038 intellegendi
725 2973 823 3017 eausa
859 2973 956 3036 quam
987 2950 1167 3036 refellendi,

158 3041 271 3102 utrum.
295 3037 398 3120 voles,
426 3037 557 3124 faciam,
583 3041 635 3106 rel
664 3040 705 3106 ad
733 3041 875 3126 singula,
903 3062 985 3124 quae
1012 3040 1168 3122 requires,
1235 3083 1236 3106 2

123 3145 139 3195 s
159 3125 271 3191 statim
289 3125 489 3210 respondebo
507 3128 569 3211 rel,
588 3149 660 3193 cum
678 3128 850 3213 peroraris,
869 3128 1045 3192 adomnia
1082 3127 1167 3192 Turn

158 3213 269 3281 Cotta:
293 3213 432 3300 Optime,
455 3213 569 3298 inquit.
607 3213 710 3290 Quam
734 3217 867 3282 obrem
891 3217 938 3282 sie
961 3237 1106 3302 agamus,
1129 3220 1166 3281 ut

118 3303 218 3368 2n0s
245 3303 318 3388 ipsa
341 3303 435 3367 ducat
459 3302 571 3368 oratic.
618 3301 681 3370 Sed
704 3308 780 3369 ante
804 3327 902 3388 quam
925 3303 1033 3388 dere,
1061 3319 1204 3388 paucaes

159 3391 197 3454 de
220 3411 280 3456 me.
316 3388 393 3455 Non
411 3390 497 3455 enim
515 3391 719 3457 mediocriter
737 3413 870 3457 moveor
888 3392 1082 3457 auctoritate
1100 3397 1166 3476 tua,

158 3475 274 3562 Balbe,
302 3477 513 3564 orationeque
537 3499 587 3562 ea,
616 3500 698 3562 quae
720 3500 772 3544 me
794 3479 830 3543 in
851 3479 1031 3564 perorando
1054 3479 1166 3546 cohor·
