2490 3950
149 144 193 207 24
458 140 508 194 Da
525 139 678 195 NATURA
695 138 851 194 DEORUM

149 285 230 372 (nou
252 287 339 352 enim
360 288 459 371 po'e'ta
476 285 583 351 solam
601 285 719 369 suavis,
741 305 855 350 verum
873 285 973 354 etiam
991 287 1183 386 ceteroqui

149 375 263 440 doetus
290 373 483 526 sapietnsque
510 371 681 458 traditan),
712 373 789 456 qnia
815 373 922 438 multa
947 373 1183 439 venirentin

149 466 292 529 mentem
314 465 410 528 acuta
389 464 528 546 aatque
546 459 690 545 subtilia,
713 461 926 544 dubitantem,
949 461 1028 544 quid
1046 483 1182 527 eorum

96 567 129 615 ιι
150 553 236 616 esset
257 550 474 634 verissimum,
495 549 684 635 desperasse
707 570 835 614 omnem
857 511 1039 614 veritatem.
1083 548 1163 635 ΕΡ
1149 573 1182 614 1-

150 660 245 704 eurus
271 661 348 704 vero
375 641 451 703 tuus
463 601 570 722 (nam
592 659 666 702 enm
688 637 747 702 illo
769 637 856 702 malo
880 636 1037 702 disserere
1060 659 1180 721 quam
1214 655 1231 698 5

149 724 270 813 teenm)
293 726 371 810 quid
389 725 476 810 dicit,
498 725 585 810 quod
600 746 669 790 non
684 725 782 790 modo
799 724 1009 810 philosophia
1023 725 1181 812 dignum

94 833 95 837 ’
151 818 248 898 esset,
269 815 326 880 sed
347 813 501 880 mediocri
523 812 716 899 prudentia?

217 901 390 979 Quaeritur
415 901 558 1003 primum
583 902 618 966 in
645 923 683 966 ea
711 899 913 985 quaestione,
940 905 1100 986 quaeest
1127 902 1180 966 de

150 1014 193 1058 na
194 995 269 1057 ιιιιι
291 990 482 1074 deorum,
456 1011 507 1055 sm
507 993 563 1054 tne
507 989 619 1054 tdi
640 1011 741 1055 neone
763 988 838 1054 sint
873 987 1016 1054 Difficile
1039 993 1093 1054 est
1111 1011 1180 1054 ne-

152 1101 240 1233 garg,
283 1077 402 1162 Credo,
428 1078 457 1143 si
470 1078 518 1229 ¹⁵in
540 1077 900 1230 contionesquqehrpltur,
927 1077 1041 1249 sepita?
1063 1077 1176 1143 huius
1195 1100 1233 1139 ιι1

151 1190 205 1233 mo
273 1186 420 1232 sermone
452 1187 469 1230 e
517 1186 669 1230 consessu
716 1187 765 1231 ιιι
838 1187 903 1230 um.
1030 1187 1072 1230 ue
1100 1188 1120 1231 a
1122 1187 1176 1252 go

151 1256 221 1339 ipse
247 1253 409 1338 pontifex,
436 1253 492 1336 qui
514 1252 727 1320 caerimonias
749 1253 988 1339 religionesque
1010 1254 1175 1339 publieas

153 1341 402 1409 sanctissimet
387 1340 523 1406 tuendas
556 1341 752 1425 arbitror,
742 1363 771 1406 rs
798 1341 873 1426 hoe,
905 1341 991 1424 quod
1016 1342 1175 1427 primurn

152 1435 212 1514 est,
239 1451 309 1494 esse
338 1429 429 1512 deos,
455 1427 644 1514 persuaderi
669 1428 751 1494 mihi
776 1450 843 1494 non
870 1429 1021 1514 opinione
1045 1430 1174 1515 solum,

154 1517 210 1582 sed
246 1517 345 1583 etiam
375 1516 418 1582 ad
448 1515 532 1582 verit
517 1520 620 1582 tatem
651 1517 748 1601 plane
775 1515 882 1582 velim.
935 1516 1042 1582 Multa
1006 1519 1173 1584 tenim
1190 1537 1221 1580 ra

153 1609 338 1691 occurrunt,
392 1627 453 1671 uae
483 1626 544 1670 eon
545 1605 687 1688 tt,urben
663 1608 755 1670 tut
786 1605 949 1670 interdum
978 1605 1064 1670 nulli
1092 1627 1173 1672 esse

101 1701 134 1750 62
153 1694 332 1760 videantur.
328 1628 440 1760 iod
469 1693 554 1776 vide,
585 1715 684 1777 quam
711 1695 819 1758 tecum
846 1714 944 1778 agam
966 1693 1172 1780 liberaliter;

154 1805 236 1868 quae
267 1783 451 1849 eommunia
477 1743 554 1846 suni
580 1781 674 1847 vobis
702 1803 776 1846 eum
802 1781 919 1846 ceteris
945 1781 1171 1868 philosophis,

153 1893 219 1936 non
249 1869 425 1956 attingam,
456 1873 493 1934 ut
519 1869 617 1934 hoc
607 1891 729 1970 ipsum,
760 1869 868 1955 plaeet
895 1869 982 1934 enim
1009 1871 1170 1936 omnibus

152 1959 221 2023 sere
252 1957 435 2040 mihique'
425 1957 490 2040 1psi
519 1957 554 2021 in
582 1957 697 2042 primis
724 1956 801 2022 deos
829 1977 908 2022 esse
952 1955 1068 2041 Itaque
1094 1981 1170 2025 non
1186 1981 1216 2020 ao

101 2044 1170 2234 23{tt⁰ettt¹¹tttffmttt²tttttttitt¹¹33:

153 2242 329 2304 uerumque
355 2219 596 2286 hominibusi
568 2223 617 2285 ιιι
642 2220 819 2305 videretur,
845 2220 879 2285 id
902 2221 982 2286 satis
1006 2242 1168 2308 magnum

155 2311 382 2394 argumentum
410 2329 480 2372 esse
503 2307 626 2392 dixisti,
653 2330 710 2374 our
733 2329 804 2374 esse
825 2309 902 2374 deos
925 2310 1166 2378 mnfiteremnr.

155 2395 248 2473 Quod
264 2419 338 2462 eum
355 2396 427 2462 lave
444 2418 502 2480 per
519 2417 562 2479 sa,
584 2400 656 2462 tum
673 2397 773 2462 etiam
785 2397 907 2462 falsum
920 2401 978 2462 est.
1013 2398 1166 2464 Primum
1182 2421 1212 2462 rs

155 2484 241 2550 enim
262 2483 346 2550 unde
369 2484 506 2549 tibit
448 2488 506 2549 not
508 2506 545 2550 ae
564 2488 640 2548 sunt
658 2484 825 2569 opiniones
843 2485 1035 2552 nationum?
1061 2487 1166 2571 Equi·

156 2573 228 2638 dem
255 2573 342 2638 arbit
327 2565 397 2638 troi·
423 2572 506 2638 mult
491 2576 543 2638 tas
570 2593 641 2638 esse
669 2576 782 2659 gentes
805 2572 852 2640 sie
873 2573 1066 2640 inmanitate
1087 2574 1166 2641 effa·

103 2675 136 2723 63
155 2666 207 2727 ιιι
209 2683 255 2745 as,
276 2664 315 2726 ut
337 2661 423 2770 apud
446 2682 500 2725 eas
522 2660 615 2725 nulla
637 2660 778 2745 suspicio
801 2661 1000 2727 deorumt
956 2664 1008 2728 sit.
1054 2661 1165 2738 Quid?

154 2749 331 2834 Diagoras,
356 2745 458 2824 ἄθεος
480 2748 536 2833 qui
559 2747 624 2814 diet
609 2752 663 2814 tus
686 2752 750 2833 est,
771 2753 948 2836 posteaque
971 2750 1163 2817 Theodorus

154 2857 261 2902 nonne
284 2841 394 2937 aperte
362 2836 625 2902 tetdeorum
566 2841 718 2902 naturam
737 2842 807 2903 sust
792 2838 959 2903 tulerunt?
989 2837 1077 2905 Nam
1093 2839 1163 2905 Ab·
1178 2862 1207 2903 ιι

156 2923 239 2989 derit
225 2928 274 2988 tes
303 2922 432 3007 quidem
454 2923 666 3010 Protagoras,
694 2925 785 2992 euius
811 2948 832 2991 a
857 2930 891 2992 te
918 2927 1013 2993 modo
1036 2929 1161 2994 mentio

155 3012 243 3078 faeta
261 3014 322 3113 est,
345 3011 472 3112 sophist
473 3034 507 3077 es
525 3015 726 3114 temporibus
744 3014 811 3079 illis
828 3014 881 3080 vel
900 3015 1068 3099 maximus,
1086 3038 1163 3080 oum

155 3101 190 3166 in
218 3098 377 3186 prinoipio
407 3099 536 3164 libri
511 3122 557 3166 ιιι
583 3103 760 3186 posuisset.
792 3101 862 3167 De
894 3102 1006 3186 divis,
1037 3125 1162 3186 neque

155 3193 198 3254 nt
221 3188 301 3255 sint
321 3209 443 3272 neque
465 3191 506 3251 ιιι
527 3210 603 3255 non
625 3191 718 3274 sint,
740 3191 863 3256 habeo
886 3189 1037 3275 dioere',
1059 3191 1161 3256 Athe

155 3276 316 3342 niensium
333 3276 425 3342 iussu
442 3275 522 3341 urbe
540 3280 638 3362 atque
656 3299 736 3362 agro
755 3282 807 3343 est
825 3242 1056 3344 exterminatis
1070 3279 1160 3344 libri
1175 3299 1205 3340 ss

156 3385 217 3448 qne
254 3364 322 3430 eius
357 3365 392 3429 in
427 3363 577 3430 contione
613 3365 781 3430 combusti.
834 3365 886 3432 Ειι
917 3388 980 3450 quo
1013 3367 1159 3451 equidem

156 3452 222 3516 exis
224 3450 357 3516 timot
342 3451 500 3518 tardiores
532 3452 574 3518 ad
604 3452 688 3520 hano
720 3454 915 3519 sententiam
945 3455 1159 3541 profitendam
