2452 3938
288 192 356 248 ΜΒ.
375 193 410 249 11.
434 193 509 249 csP.
528 199 643 250 ee-ee.
666 201 682 261 s
701 201 813 252 ἰο-ιι.
992 199 1057 264 223

66 335 119 403 hoc
140 336 269 422 quidem
292 337 358 402 iam
375 336 556 423 tripudium
574 336 704 424 dicitur)
723 374 766 387 —
786 361 859 405 cum
876 340 978 428 igitur
995 342 1061 408 offa

66 423 169 491 cecidit
192 447 232 490 ex
253 447 312 491 ore
331 425 424 510 pulli,
446 430 517 490 tum
540 427 721 511 auspicanti
744 428 922 513 tripudium
943 430 1060 495 solisti-

65 535 143 578 mum
163 513 343 579 nuntiatur.
378 512 469 600 Ergo
491 515 554 579 hoc
572 514 751 600 auspicium
770 516 871 582 divini
889 501 1115 602 quicquam35

63 599 172 666 habero
200 605 325 686 potest,
354 601 440 685 quod
466 605 536 668 tam
558 602 602 667 sit
624 607 772 669 coactum
794 608 828 669 ct
850 608 1059 690 expressum?
1078 578 1114 628 ⁷³

44 687 123 764 ⁵Quo
146 689 402 774 antiquissumos
426 711 565 775 augures
587 711 654 756 non
676 713 747 756 esse
769 713 846 757 usos
867 699 1060 780 argumento

63 781 117 862 est,
146 777 236 862 quod
267 777 431 842 decretum
462 777 593 863 collegii
624 782 718 845 vetus
747 780 904 846 habemus
931 805 1061 848 omnem

63 887 145 930 avem
171 865 218 930 tri
241 865 353 930 udium
378 865 484 930 facere
510 887 614 950 posse.
660 865 743 932 Tum
769 868 872 954 igitur
899 875 984 936 esset
1007 893 1061 937 au-

63 953 190 1036 spicium
214 888 260 1039 dii
276 952 377 1018 modo
397 957 485 1018 esset
502 953 533 1018 ei
550 952 703 1038 liberum)
722 976 757 1019 se
775 956 967 1042 ostendisse3
990 961 1060 1024 tum

63 1040 122 1104 avis
144 1041 205 1106 illa
223 1039 327 1106 videri
346 1044 458 1126 posset
475 1041 636 1126 interpres
655 1044 689 1106 et
707 1043 838 1108 satelles
852 1042 954 1129 Iovis3
976 1067 1061 1110 nunc

35 1143 54 1183 1⁰
63 1149 129 1193 uero
147 1128 278 1194 inclusa
294 1127 330 1192 in
347 1150 446 1194 cavea
464 1132 498 1194 et
514 1128 600 1194 fame
619 1133 731 1195 enecta
752 1131 780 1194 si
797 1131 833 1195 in
847 1131 944 1196 offam
958 1133 1060 1217 pultis

62 1215 185 1301 mandit,
209 1219 244 1282 et
267 1214 297 1280 si
313 1215 436 1300 aliquid
455 1238 494 1281 ex
513 1217 581 1282 eius
600 1239 655 1282 ore
674 1218 797 1303 cecidit,
820 1219 882 1284 hoc
899 1223 937 1284 tu
955 1221 1061 1306 auspi-

62 1304 136 1369 cium
155 1307 216 1369 aut
232 1303 296 1370 hoo
313 1304 409 1369 modo
423 1303 599 1369 Romulum
617 1307 778 1392 auspicari
794 1307 927 1373 solitum
941 1310 1060 1394 putas?

61 1388 121 1456 Iam
150 1393 190 1457 de
222 1391 313 1456 caelo
343 1413 472 1457 servare
497 1414 564 1457 non
589 1392 679 1477 ipsos
706 1415 815 1461 censes
844 1397 973 1482 solitos,
1006 1397 1061 1482 qui
1080 1411 1115 1460 ιι

62 1480 329 1564 auspicabantur?
369 1477 464 1545 Nunc
489 1480 652 1565 imperant
678 1482 833 1567 pullari03
863 1484 920 1550 illc
947 1507 1061 1550 renun-

34 1567 123 1632 1⁵tiat
157 1567 300 1633 Fulmen
321 1567 491 1632 sinistrum
514 1568 693 1652 auspicium
716 1567 890 1654 optumum
903 1571 1060 1638 habemus

62 1655 96 1719 ed
120 1655 228 1722 omnis
256 1677 308 1722 res
335 1659 564 1741 praeterquam
587 1655 629 1720 ad
650 1656 795 1740 comitia3
824 1658 1061 1742 quodquidam

60 1741 242 1809 institutum
268 1743 317 1808 rei
342 1743 492 1828 publicae
515 1765 612 1809 causa
634 1746 698 1826 est,
720 1748 757 1808 ut
780 1745 986 1810 comitiorum
1008 1748 1060 1812 vel

61 1829 241 1896 iniudiciis
269 1831 382 1917 populi
409 1832 462 1897 vel
488 1832 523 1896 in
549 1831 618 1896 iure
646 1831 756 1918 legum
782 1832 835 1897 vel
858 1832 892 1898 in
915 1834 1060 1900 creandis

61 1918 303 2005 magistratibus
321 1919 482 2005 principes
500 1919 643 1984 civitatis
663 1923 770 1986 essent
783 1919 985 2006 interpretes.
1014 1926 1073 1987 At.

34 2002 102 2070 ull.
128 2005 271 2073 Gracchi
297 2006 416 2072 litteris
442 2005 549 2092 Scipio
580 2011 613 2071 et
634 2007 771 2094 Figulus
799 2010 960 2093 consules,
988 2031 1062 2076 cum

62 2113 192 2180 augures
216 2093 413 2160 iudicassent
436 2115 490 2160 eos
513 2094 594 2160 vitio
618 2101 744 2162 creatos
762 2119 842 2180 esse,
865 2098 1062 2185 magistratu

62 2201 90 2245 se
103 2183 344 2249 abdicaverunt.
367 2181 446 2258 Quis
459 2186 560 2268 negat
574 2204 733 2270 augurum
748 2185 953 2270 disciplinam
967 2187 1062 2252 esse?

62 2267 288 2337 divinationem
316 2291 410 2356 nego.
455 2269 502 2336 nt
528 2270 716 2357 haruspices
743 2272 856 2356 divini;
884 2295 1060 2358 quoscum

62 2354 102 2422 Ti
124 2357 291 2424 Gracchus
313 2361 447 2444 propter
470 2361 609 2423 mortem
631 2361 834 2445 repentinam
853 2361 930 2445 eius,
954 2362 1062 2444 quiin

34 2447 285 2533 apraerogativa
306 2445 474 2511 referenda
496 2446 605 2511 subito
628 2447 833 2530 concidisset,
855 2447 1061 2513 in'senatum

61 2532 301 2618 introduxisset,
327 2555 394 2598 non
419 2533 542 2599 iustum
570 2538 757 2620 rogatorem
779 2533 880 2598 fuisse
903 2534 1060 2600 dixerunt.

61 2617 200 2689 Primum
222 2621 305 2705 vide,
325 2643 367 2686 ne
389 2621 425 2686 in
448 2643 521 2687 eum
545 2621 692 2705 dixerint,
716 2621 772 2706 qui
793 2625 930 2708 rogator
952 2627 1060 2688 centu·
1080 2635 1115 2686 'lo

62 2708 120 2775 riae
141 2710 274 2794 fuissct3
300 2709 328 2774 is
352 2709 438 2774 enim
460 2712 532 2776 erat
554 2713 714 2793 mortuus3
735 2708 770 2773 id
793 2713 902 2774 autem
925 2710 993 2776 sine
1017 2711 1061 2776 di·

62 2795 219 2866 vinatione
242 2797 425 2864 coniectura
447 2801 600 2883 poterant
622 2797 735 2863 dicere.
775 2796 900 2862 Deinde
920 2798 1061 2866 fortasse

33 2893 143 2971 ⁸⁰cusu,
176 2885 233 2971 qui
263 2885 355 2950 nullo
387 2885 483 2950 modo
513 2888 564 2950 est
591 2906 629 2950 ex
655 2885 717 2951 hoc
745 2907 861 2971 genere
888 2888 1061 2954 tollendus.

62 2969 138 3046 Quid
160 2974 248 3040 enim
265 2973 348 3039 scire
364 2972 495 3038 Etrusci
512 2973 699 3057 haruspices
718 2976 775 3038 aut
793 2973 832 3039 de
850 2974 1062 3042 tabernaculo

62 3065 140 3126 recte
163 3064 261 3147 capto
285 3064 342 3126 aut
365 3060 403 3126 de
425 3060 563 3145 pomerii
579 3061 649 3126 iure
667 3062 865 3146 potuerunt?
901 3063 1061 3146 Equidem

62 3147 219 3215 adsentior
243 3147 277 3214 O.
299 3147 454 3214 Marcello
477 3148 706 3233 potiusquam
729 3148 814 3235 App.
837 3147 982 3233 Claudio,
1006 3151 1062 3233 qui

63 3237 151 3304 ambo
175 3236 240 3302 mei
262 3237 407 3323 collegae
429 3234 570 3320 fuerunt,
593 3235 805 3321 existimoque
823 3237 874 3300 ius
893 3257 1061 3322 augurum,

33 3325 119 3388 acesi
150 3323 358 3392 divinationis
391 3323 541 3410 opinione
574 3323 731 3410 principio
765 3322 976 3389 constitutum
1008 3324 1061 3407 sit,

61 3411 166 3563 ponpam
191 3417 308 3500 postea
334 3412 381 3478 roi
408 3410 557 3497 publicae
584 3433 682 3476 causa
704 3414 930 3478 conservatum
953 3433 991 3476 ac
1013 3432 1062 3477 rc·

76 3519 112 3563 en
126 3523 189 3568 um.
