2490 3950
173 195 214 258 18
480 187 529 242 DE
547 186 699 242 NATURA
716 183 870 239 DEORUM

118 351 154 399 40
173 342 284 403 essent
304 335 476 402 consecuti.
513 331 665 415 Idemque
688 329 834 414 disputat
856 328 989 393 aethera
1005 349 1079 394 esse
1099 351 1201 413 eum,

174 449 270 511 quem
305 423 451 490 homines
482 417 595 486 Iovem
632 418 846 503 appellarent,
884 417 1002 500 quique
1036 421 1094 482 adr
1129 441 1202 502 per

174 514 278 580 maria
300 513 462 594 manaret,
486 529 559 573 eum
582 529 651 572 esse
673 504 876 590 Neptunum,
898 507 1086 588 terramque
1111 527 1200 570 eam

175 624 254 685 esse,
276 623 359 686 quae
379 597 475 664 Ocres
499 596 668 678 diceretur,
691 593 853 676 similique
871 592 998 657 ratione
1015 596 1201 677 persequi·

174 694 229 755 tur
246 687 404 754 vocabule
420 684 620 769 reliquorum
638 683 778 747 deorum.
814 679 967 764 Idemque
985 681 1087 745 etiam
1101 682 1200 767 legis
1230 699 1237 740 ε

175 781 350 864 perpetuae
377 778 411 840 et
437 777 587 838 aeternae
613 771 693 854 vim,
721 790 803 851 quae
831 769 924 852 quasi
950 768 1014 832 dux
1037 770 1132 834 ritae
1161 775 1201 834 et

176 860 628 1018 diludunt
653 857 765 1011 ltu
787 856 1200 1029 {tutantur

190 975 309 1020 aaem

177 1042 361 1107 futurarum
382 1040 568 1118 veritatem3
591 969 728 1119 quiium
749 995 832 1097 dihil
854 1033 921 1098 tale
944 1037 1004 1116 est,
1025 1037 1064 1098 ut
1087 1035 1127 1099 in
1154 1057 1198 1101 eo

125 1150 158 1198 41
176 1131 227 1195 ris
251 1129 360 1194 divine
382 1126 488 1190 inesse
511 1124 666 1189 videatur.
704 1122 750 1187 Et
770 1121 851 1187 haec
874 1121 1003 1205 quidem
1021 1122 1058 1186 in
1076 1123 1198 1207 primo
1214 1140 1238 1180 ro

177 1218 262 1282 libro
280 1217 318 1280 de
337 1217 455 1279 natura
473 1213 618 1294 deorum3
635 1211 670 1275 in
689 1209 827 1276 secundo
846 1211 956 1274 autem
969 1209 1039 1274 volt
1053 1211 1198 1295 Orphei,

177 1303 317 1388 Musaei,
338 1300 474 1367 Hesiodi
496 1299 695 1383 Homerique
716 1298 852 1362 fabellas
875 1297 1122 1363 accommodare
1152 1302 1198 1364 ad

180 1414 227 1476 ea,
245 1411 327 1476 quae
345 1390 416 1476 ipse
434 1388 539 1473 primo
558 1388 641 1452 libro
661 1386 699 1451 de
717 1385 785 1450 deis
803 1386 1030 1450 inmortalibus
1048 1386 1197 1472 dixerat,

178 1484 216 1545 ut
239 1479 338 1544 etiam
360 1476 526 1544 veterrimi
548 1479 674 1559 potitae,
697 1475 751 1558 qui
774 1473 917 1538 haecne
941 1473 1099 1558 suspicati
1117 1478 1196 1560 qui-

180 1569 252 1633 dem
285 1568 363 1650 sint,
395 1563 495 1631 Stoici
526 1562 627 1628 fuisse
657 1562 835 1628 videantur.
885 1559 987 1637 Quem
1018 1560 1196 1647 Diogenes
1212 1579 1240 1620 1⁵÷

180 1655 380 1740 Babylonius
403 1672 602 1737 consequens
624 1652 659 1716 in
682 1671 721 1716 eo
742 1650 835 1735 libro,
858 1649 914 1734 qui
935 1650 1125 1715 inscribitur
1152 1654 1195 1718 de

179 1744 340 1828 Minerva,
366 1745 497 1827 partum
519 1740 606 1807 Iovis
634 1742 805 1821 ortumque
831 1737 969 1823 virginis
991 1738 1033 1802 ad
1055 1739 1197 1824 physio·

130 1832 302 1954 16logiam
323 1830 494 1931 traducens
517 1827 699 1979 diiungidla
719 1826 841 1978 iapula.
895 1914 902 1928 ι
927 1914 957 1978 d·
981 1915 987 1928 Ι
1090 1915 1112 1980 d

128 1967 162 2015 42
181 1917 625 2072 liradjtidrirsudodidia.n⁰nNed
651 1935 871 2068 edidpddlutld
893 1935 1089 2068 idioslriddiorsae
1108 1918 1196 2071 eddi
1210 2023 1241 2062 so

182 2114 230 2178 ea,
252 2114 334 2178 quae
357 2096 525 2177 po'e'tarum
547 2092 681 2157 vocibus
703 2090 778 2156 fuse
798 2090 872 2175 ipsa
890 2091 1051 2156 suavitate
1069 2113 1194 2159 nocue

181 2184 271 2264 runt,
301 2179 356 2265 qui
385 2183 419 2244 et
445 2179 495 2245 ira
520 2179 740 2244 inflammatos
768 2181 801 2244 et
822 2177 956 2244 libidine
978 2179 1116 2246 furentis
1141 2183 1194 2248 in-

182 2269 341 2334 duxerunt
368 2268 444 2333 deos
471 2266 692 2352 fecenuntque,
721 2269 759 2331 ut
786 2288 896 2331 eorum
925 2267 1026 2351 bella,
1052 2270 1194 2355 proelia,

182 2377 323 2444 pugnas,
350 2355 484 2420 vulnera
510 2355 704 2440 videremuS,
733 2354 807 2420 odia
833 2357 1015 2440 praeterea,
1042 2355 1193 2444 discidia,

183 2444 372 2527 discordias,
402 2446 508 2527 ortus,
536 2443 700 2526 interitus,
728 2443 899 2528 querellas,
926 2444 1193 2533 lamentationes,
1207 2463 1232 2503 2⁵

184 2532 301 2598 effusas
318 2531 353 2596 in
371 2531 459 2596 omni
475 2531 728 2617 intemperantia
745 2529 906 2614 libidines,
929 2531 1096 2616 adulteria,
1119 2534 1193 2599 vin-

184 2621 268 2705 cula,
296 2641 368 2685 cum
395 2619 537 2684 humano
563 2637 680 2703 genere
701 2618 890 2684 concubitus
913 2619 1126 2704 mortalisque
1151 2645 1193 2688 ex

131 2719 164 2768 4³
183 2707 349 2773 inmortali
379 2709 575 2792 procreatos.
625 2704 707 2771 Cum
737 2710 909 2791 poetarum
940 2711 1046 2772 autem
1080 2730 1192 2776 errore

183 2795 378 2879 coniungere
405 2794 482 2860 licet
508 2796 662 2878 portenta
690 2814 860 2879 magorum
887 2793 1191 2881 Aegyptiorumque

183 2883 219 2948 in
242 2881 354 2946 eodem
376 2901 493 2966 genere
516 2882 719 2966 dementiam,
741 2885 812 2946 tum
835 2881 934 2947 etiam
952 2884 1042 2968 vulgi
1065 2886 1191 2970 opinio
1205 2903 1230 2942 so

184 2990 252 3054 nes,
271 2989 352 3052 quae
370 2969 405 3034 in
422 2969 564 3035 maxima
580 2969 800 3036 inconstantia
817 2970 966 3036 veritatis
984 2971 1191 3056 ignoratione

184 3059 363 3124 versantur.
416 3055 467 3122 Ea
503 3058 558 3142 qui
590 3058 771 3123 consideret
803 3079 902 3142 quam
937 3059 1120 3126 inconsulte
1153 3085 1191 3128 ac

184 3149 306 3212 temere
333 3143 493 3230 dicantur,
520 3145 667 3212 venerari
688 3144 865 3231 Epicurum
892 3149 925 3210 et
951 3146 987 3211 in
1009 3168 1121 3214 eorum
1143 3151 1191 3235 ip

185 3255 296 3300 sorum
324 3253 471 3318 numero,
499 3233 537 3299 de
564 3233 681 3317 quibus
703 3234 783 3299 baec
806 3234 954 3318 quaestio
978 3239 1040 3319 est,
1069 3237 1190 3303 habere

185 3321 310 3388 debeat.
355 3318 452 3386 Solus
474 3321 562 3387 enim
584 3321 666 3386 vidit
688 3321 829 3406 primum
852 3343 923 3387 esse
942 3323 1028 3407 deos,
1051 3326 1137 3408 quod
1155 3326 1190 3390 in
1204 3341 1230 3381 ³⁵

187 3410 331 3476 omnium
354 3408 472 3474 animis
495 3429 607 3472 eorum
629 3409 794 3476 notionem
815 3409 1024 3494 inpressisset
1044 3412 1117 3496 ipsa
1135 3435 1190 3478 na-

314 3495 403 3572 Quae
426 3497 477 3558 est
499 3493 584 3559 enim
607 3516 686 3580 gens
710 3501 766 3562 aut
790 3496 876 3580 quod
894 3519 995 3580 genus
1013 3498 1190 3584 hominum,
1240 3551 1241 3564 ,
