2510 3936
146 183 211 248 438
537 180 586 235 DE
603 179 756 236 LEGIBUS

96 309 128 436 1}
214 328 261 393 M.
284 325 474 402 Quaesitum
495 325 598 411 igitur
621 325 662 390 ab
684 323 752 388 illis
771 327 830 408 est,
852 324 1038 411 placeretne
1055 347 1163 392 unum

146 416 183 481 in
199 415 331 481 civitate
350 435 420 479 esse
434 414 673 500 magistratum,
692 412 743 478 cui
756 413 875 498 reliqui
888 417 1051 498 parerent,
1071 415 1163 498 quod

147 504 268 570 exactis
296 503 427 589 regibus
455 503 611 589 intellego
638 501 800 587 placuisse
821 502 944 566 nostris
968 501 1162 568 maioribus.

147 591 211 657 Sed
237 592 391 676 quoniam
417 592 528 677 regale
555 590 697 656 civitatis
724 611 826 676 genus
855 590 1034 675 probatum
1058 613 1161 675 quon-

147 680 222 745 dam
244 683 359 765 postea
380 701 447 745 non
469 683 538 744 tam
561 679 654 766 regni
676 699 774 762 quam
795 679 883 764 regis
901 679 991 743 vitiis
1009 679 1187 763 repudia-s

146 772 218 833 tum
248 772 311 852 est,
340 789 459 835 nomen
483 771 614 833 tantum
640 766 803 832 videbitur
830 767 917 852 regis
940 767 1161 851 repudiatum,

147 879 199 922 res
227 856 385 939 manebit,
415 857 443 921 si
470 877 552 921 unus
576 855 724 922 omnibus
746 855 881 939 reliquis
904 855 1159 942 magistratibus

96 962 129 1012 16
147 945 329 1031 imperabit.
363 943 470 1020 Quare
491 966 550 1010 nec
572 943 685 1028 ephori
706 943 948 1008 Lacedaemone
970 944 1042 1009 sine
1060 967 1161 1010 causa

149 1059 169 1100 a
190 1034 400 1119 Theopompo
424 1032 568 1117 oppositi
590 1032 721 1118 regibus
744 1053 804 1097 nee
827 1031 913 1120 apud
934 1053 996 1097 nos
1019 1033 1160 1098 consuli-

147 1124 209 1188 bus
231 1121 366 1186 tribuni.
411 1120 497 1186 Nam
519 1120 602 1186 illud
625 1119 753 1204 quidem
775 1120 897 1205 ipsum,
921 1121 1008 1204 quod
1030 1121 1067 1185 in
1089 1123 1160 1186 iure
1174 1139 1198 1179 1⁰

147 1212 292 1298 positum
320 1213 385 1294 est,
409 1208 511 1275 habet
537 1209 664 1292 consul,
689 1211 727 1274 ut
750 1207 779 1272 ei
802 1208 920 1292 reliqui
942 1209 1159 1295 magistratus

149 1321 261 1365 omnes
288 1300 425 1383 pareant
453 1300 585 1381 excepto
612 1297 758 1380 tribuno,
789 1297 844 1380 qui
865 1300 943 1382 post
966 1298 1091 1382 extitit,
1117 1319 1159 1363 ne

148 1387 190 1471 id,
214 1387 300 1470 quod
321 1385 437 1469 fuerat,
461 1389 555 1449 esset.
590 1384 670 1450 Hoc
683 1384 769 1450 enim
787 1385 929 1469 primum
948 1385 1068 1450 minuit
1086 1407 1159 1452 con·
1245 1377 1250 1390 ⁸

149 1476 257 1540 sulare
283 1474 349 1558 ius,
377 1474 463 1558 quod
490 1473 630 1557 exstitit,
657 1473 727 1558 ipse
754 1473 811 1556 qui
834 1495 872 1538 eo
893 1494 961 1539 non
983 1477 1158 1558 teneretur,

149 1564 263 1629 deinde
291 1561 377 1647 quod
405 1562 518 1627 attulit
547 1562 702 1627 auxilium
725 1562 859 1646 reliquie
881 1583 947 1626 non
970 1563 1068 1627 modo
1092 1585 1158 1628 ma·
1172 1579 1197 1620 1⁵

151 1652 353 1739 gistratibus,
378 1651 434 1716 sed
457 1651 556 1716 etiam
574 1650 711 1735 privatis
730 1650 856 1715 consuli
873 1670 940 1715 non
957 1651 1159 1735 parentibus.

99 1755 132 1804 17
153 1742 187 1822 Q.
214 1741 373 1826 Magnum
404 1739 483 1804 dieis
516 1739 652 1822 malum3
682 1759 759 1803 nam
791 1738 857 1804 ista
885 1741 1051 1824 potestate
1079 1744 1161 1804 nata

149 1829 295 1915 gravitas
319 1828 527 1912 optimatium
550 1827 665 1892 cecidit
687 1826 915 1911 convaluitque
938 1827 987 1891 vis
1011 1828 1160 1893 multitu·

149 1917 242 1982 dinis.
287 1917 335 1982 M.
357 1914 433 1981 Non
456 1919 519 2001 est,
542 1913 668 1999 Quinte,
690 1914 747 1981 ita.
791 1913 868 1980 Non
890 1915 943 1979 ius
965 1915 1054 1980 enim
1076 1916 1160 1981 illud

150 2006 257 2070 solum
286 2005 456 2089 superbius
485 2005 607 2090 populo
636 2008 669 2068 et
695 2003 870 2068 violentius
897 2003 1000 2068 videri
1026 2024 1159 2072 necesse
1172 2021 1196 2062 2⁰

150 2098 234 2175 erat,
263 2114 326 2176 quo
356 2096 569 2176 posteaquam
597 2091 722 2157 modica
749 2095 782 2156 et
810 2091 939 2177 sapiens
961 2094 1158 2179 temperatio

150 2180 286 2246 accessit
303 2230 309 2242 .
325 2229 332 2242 .
348 2229 376 2244 ..
397 2179 614 2263 †eonvertem
636 2180 690 2244 lex
710 2179 747 2244 in
769 2181 875 2245 omnis
898 2184 957 2246 est.

98 2242 131 2368 ῙΞ
215 2267 375 2334 Domum
394 2289 475 2332 eum
494 2268 605 2333 laude
623 2267 818 2333 redeunte.
850 2267 942 2332 Nihil
961 2269 1049 2333 enim
1068 2292 1160 2354 prae

150 2362 201 2422 ter
229 2357 359 2422 laudem
381 2356 476 2421 bonis
500 2360 598 2441 atque
619 2356 845 2422 innocentibus
867 2378 972 2442 neque
995 2379 1034 2422 ex
1057 2358 1159 2424 hosti-

149 2447 211 2511 bus
238 2467 342 2530 neque
365 2467 386 2510 a
407 2445 503 2510 sociis
526 2445 765 2531 reportandum.
809 2443 881 2509 Iam
903 2445 986 2510 illud
1009 2451 1195 2530 apertums

151 2538 201 2600 est
223 2535 379 2620 profecte,
401 2533 484 2597 nihil
507 2554 577 2598 esse
599 2533 727 2618 turpius
748 2554 847 2617 quam
866 2535 943 2614 [est]
963 2555 1159 2618 quemquam

150 2623 255 2708 legari
277 2622 341 2686 nisi
363 2622 411 2686 rei
433 2622 582 2707 publicae
605 2641 710 2688 eausa.
751 2621 886 2705 Omitto,
909 2643 1005 2705 quem
1028 2623 1071 2686 ad
1093 2645 1160 2688 mo-

150 2710 227 2775 dum
250 2710 307 2774 isti
330 2732 364 2774 se
388 2713 503 2796 gerant
527 2713 624 2795 atque
647 2709 816 2794 gesserint,
839 2709 895 2794 qui
917 2709 1084 2796 legatione
1106 2711 1160 2776 he

151 2799 299 2863 reditatis
323 2801 380 2863 aut
403 2798 607 2884 syngraphas
631 2819 706 2862 suas
729 2801 981 2883 perseqmmtur3
1002 2797 1038 2862 in
1055 2799 1159 2864 homi-

149 2886 246 2950 nibus
266 2889 316 2949 est
334 2886 396 2951 hoc
413 2886 553 2952 fortasse
572 2885 701 2969 vitium,
724 2885 780 2950 sed
799 2908 929 2970 quaero,
949 2886 1026 2970 quid
1043 2908 1159 2972 reapse
1172 2905 1196 2946 eo

151 2973 195 3040 sit
223 2973 351 3056 turpius
381 2994 479 3057 quam
508 2975 576 3040 sine
605 2974 831 3059 procuratione
859 2977 991 3040 senator
1019 2975 1159 3062 legatae,

152 3062 221 3128 sine
250 3059 426 3147 mandatis,
454 3063 523 3127 sine
545 3064 614 3128 ullo
637 3062 856 3148 reipublicae
879 3085 1019 3129 munere.
1066 3062 1160 3140 Quod

152 3149 281 3234 quidem
314 3169 415 3234 genus
442 3150 617 3235 legationis
645 3172 706 3236 ego
733 3152 860 3236 consul,
892 3174 1091 3238 quamquam
1120 3153 1160 3218 ad

151 3235 355 3303 commodum
379 3241 510 3303 senatus
533 3239 694 3323 pertinere
712 3239 891 3324 videbatur,
914 3244 1024 3306 tamen
1044 3240 1159 3326 adpro-

150 3325 251 3390 bante
275 3329 389 3390 senatu
411 3325 689 3410 frequentissimo,
710 3327 775 3391 nisi
797 3328 879 3394 mihi
901 3329 982 3394 levis
1005 3329 1158 3394 tribunus
1171 3344 1196 3387 ³⁵

149 3412 256 3498 plebis
283 3417 354 3476 tum
381 3413 629 3498 intercessisset,
659 3415 871 3482 sustulissem.
916 3417 1020 3481 Minui
1047 3421 1160 3482 tamen

150 3503 279 3583 tempus
304 3502 345 3584 et,
369 3499 454 3584 quod
473 3505 543 3565 erat
561 3502 732 3588 infinitum,
756 3526 898 3570 annuum
915 3505 984 3570 feci.
1020 3503 1074 3578 Ita
1093 3509 1159 3570 tur-
