2478 3936
167 150 212 214 82
476 149 527 202 DE
544 149 695 204 NATURA
712 149 868 202 DEORUM

167 293 420 358 inhaerentium!
454 293 568 379 Ipsum
586 299 696 359 antem
713 315 804 358 mare
821 294 870 358 sic
882 297 1005 358 terrem
1019 297 1202 379 appetens

167 382 320 445 litoribus
349 382 480 465 alludit,
510 387 549 445 nt
577 405 643 446 una
669 403 709 446 ex
735 383 861 446 duabus
886 381 1013 445 naturis
1037 383 1202 447 conflata

117 484 166 532 101
180 469 337 533 videatur.
381 469 468 533 Exin
496 471 581 534 mari
608 471 776 534 finitumus
806 476 861 534 aer
883 470 935 534 die
958 473 992 534 et
1013 474 1117 535 nocte
1144 472 1201 535 di·

168 555 361 643 stinguitur,
397 559 491 641 isque
521 562 593 622 tmn
623 558 715 622 fusus
747 562 782 621 et
813 561 1006 622 extenuatus
1039 559 1200 622 sublime

167 645 286 729 fertur,
317 650 388 709 tum
415 650 526 709 antem
552 649 721 711 concretus
746 646 783 710 in
808 647 911 710 nubes
938 646 1069 731 cogitur
1092 669 1200 712 nmo·
1216 668 1238 712 ι

168 755 301 818 remque
324 734 483 819 colligens
504 737 627 798 terrain
645 737 744 820 auget
761 734 931 817 imbribus,
952 739 1025 798 tum
1044 733 1201 798 effluens

168 821 232 886 huc
253 826 288 886 et
308 823 388 886 illuc
408 825 525 886 ventos
546 822 656 886 efficit
699 820 791 886 Idem
814 843 937 886 annuas
959 821 1132 907 frigorum
1159 828 1202 887 et

169 911 315 975 calorum
339 910 421 974 facit
446 911 636 994 varietates,
666 911 816 993 idemque
843 913 877 973 et
902 910 1034 974 volatus
1064 910 1201 976 alitum
1237 953 1238 962 ι

169 999 310 1063 sustinet
331 1003 366 1062 et
387 997 506 1083 spiritu
528 960 644 1064 ductui
666 999 728 1062 elit
749 1002 783 1062 et
806 1001 970 1062 sustentet
987 997 1200 1064 animantes

116 1086 288 1154 40Restat
308 1087 444 1151 ultimus
466 1091 502 1151 et
523 1108 544 1151 a
566 1087 738 1151 domiciliis
760 1086 883 1151 nostris
906 1085 1089 1151 altissimus
1119 1110 1198 1152 om·
1213 1099 1238 1152 ιι

168 1175 225 1239 nia
255 1176 389 1260 cingens
420 1178 455 1238 et
486 1180 635 1239 cotrcens
665 1175 747 1239 caeli
774 1175 975 1259 complexae,
1007 1174 1065 1258 qui
1095 1175 1200 1240 idem

170 1262 284 1327 aether
312 1266 460 1345 vocatur,
489 1267 634 1327 extrema
660 1285 720 1328 ora
746 1266 780 1326 et
807 1262 1035 1327 determinatio
1059 1265 1200 1348 mundi,
1237 1331 1238 1336 ,

168 1351 205 1414 in
240 1372 304 1434 quo
341 1372 414 1414 curn
450 1350 704 1416 admirabilitate
734 1351 878 1424 maxima
907 1351 1023 1436 igneae
1055 1350 1199 1417 formae

119 1453 170 1502 102
184 1459 298 1502 cursus
324 1438 490 1503 ordinatos
514 1438 678 1503 definiunt.
722 1437 893 1523 liquibus
917 1438 976 1522 sol,
999 1439 1091 1503 euius
1120 1463 1198 1505 ma-

170 1526 339 1614 gnitudine
356 1527 469 1592 multis
487 1527 636 1611 partibus
654 1531 743 1590 terra
761 1530 943 1611 superatur,
965 1527 1088 1591 circum
1111 1549 1196 1592 eam
1212 1545 1238 1598 ιι

169 1615 275 1700 ipsam
297 1615 449 1697 volvitur,
471 1615 564 1698 isque
588 1616 695 1679 oriens
714 1619 747 1678 et
764 1615 913 1680 occidens
932 1614 1017 1678 diem
1037 1619 1197 1681 noctem·
1237 1637 1238 1686 l

171 1725 233 1787 que
260 1703 391 1769 conficit
417 1707 451 1767 et
476 1703 572 1767 modo
596 1702 762 1785 accedens,
789 1707 861 1766 turn
889 1705 998 1767 autem
1026 1703 1195 1769 recedens

170 1792 265 1856 hines
291 1793 328 1856 in
353 1791 492 1877 singulis
519 1791 613 1855 annis
640 1791 839 1856 reversiones
867 1790 910 1855 ab
937 1795 1083 1856 extremo
1110 1815 1196 1858 con-
1237 1791 1238 1830 ³

170 1881 289 1944 trarias
310 1879 399 1962 facit,
422 1901 559 1963 quarum
580 1879 616 1942 in
637 1879 811 1944 intervallo
834 1883 906 1943 tum
929 1879 1022 1964 quasi
1040 1879 1195 1945 tristitie
1237 1893 1238 1970 ᾗ

171 1967 312 2052 quadarn
334 1967 499 2032 contrahit
521 1972 655 2052 terram,
681 1972 752 2031 tum
774 1967 920 2031 ιιιιιιιιιι
942 1967 1118 2052 laetificat,
1153 1974 1195 2034 ut
1209 1987 1238 2056 ιι

121 2070 170 2119 103
185 2077 258 2121 cum
281 2055 370 2119 caelo
392 2055 536 2120 hilarata
558 2018 713 2120 videatur.
757 2054 850 2119 Luna
872 2059 991 2139 antem,
1014 2077 1098 2138 quae
1126 2062 1238 2142 est

171 2147 209 2207 ut
237 2142 412 2207 ostendunt
433 2143 670 2228 mathematici,
698 2143 801 2208 maior
823 2165 923 2226 quam
945 2142 1081 2207 dimidie
1102 2167 1194 2228 pars

171 2236 291 2314 terrae,
321 2230 424 2295 isdem
454 2233 570 2316 spatiis
598 2235 751 2317 vagatur,
783 2231 900 2314 quibus
928 2232 992 2314 sol,
1022 2231 1080 2295 sed
1111 2237 1193 2298 tum
1237 2240 1238 2315 l

172 2318 382 2406 congrediens
405 2340 478 2383 cum
501 2320 582 2403 sole,
609 2323 680 2384 tum
703 2319 885 2420 digrediens
913 2324 948 2384 et
970 2341 1041 2384 eam
1065 2319 1193 2405 lucem,
1237 2317 1238 2418 J

172 2430 270 2492 quam
297 2430 318 2472 a
344 2408 412 2472 sole
439 2407 575 2491 accepit,
602 2407 742 2470 mittit
733 2411 895 2471 interrae
919 2406 1085 2472 etvarias
1108 2409 1238 2493 ipsas

171 2497 252 2562 lucis
275 2495 472 2561 mutationes
494 2494 603 2579 habet,
626 2498 723 2595 atque
747 2495 845 2558 etiam
868 2499 940 2559 tum
963 2495 1112 2560 subiecta
1140 2502 1193 2562 at

173 2607 234 2686 que
258 2585 409 2670 opposita
431 2584 493 2648 soli
516 2583 624 2648 radios
647 2584 715 2647 eius
733 2585 767 2646 et
789 2583 900 2647 lumen
923 2583 1086 2666 obscurat,
1109 2588 1192 2650 tum
1237 2579 1238 2656 l

172 2673 245 2757 ipsa
265 2671 437 2737 incidens'
427 2693 463 2734 ιιι
479 2671 628 2735 umbram
646 2675 762 2754 terrae,
780 2692 853 2735 cum
873 2675 924 2735 es't
942 2693 959 2736 e
977 2633 1113 2756 regiorie
1137 2695 1192 2739 so
1237 2665 1238 2732 l

173 2761 228 2842 lis,
262 2759 459 2844 interpositu
493 2759 727 2842 interiectuque
759 2761 865 2823 terrae
897 2761 1030 2844 repente
1063 2758 1190 2826 deficit.

172 2845 342 2929 Isdemque
365 2847 480 2930 spatiis
503 2868 560 2911 eae
581 2847 703 2930 stellae,
728 2869 808 2931 quas
830 2867 932 2932 vagas
951 2847 1099 2932 dicimus
1125 2850 1190 2914 eir·
1203 2849 1228 2907 ιι

172 2955 245 2999 cum
263 2938 386 2997 terram
401 2933 551 2998 feruntur
570 2935 745 3018 eodemque
764 2935 860 2999 modo
879 2935 1027 3000 oriuntur
1047 2939 1082 2998 et
1102 2939 1191 3002 occi·

173 3022 263 3106 dunt,
285 3043 421 3106 quarum
443 3025 551 3086 motus
574 3026 645 3088 tum
666 3023 851 3107 incitantur,
873 3028 945 3087 tum
963 3021 1238 3108 retardantur,

122 3122 173 3172 104
187 3131 282 3196 seepe
310 3107 409 3173 etiam
435 3109 600 3175 insistunt.
646 3110 715 3187 Quo
745 3111 929 3196 spectaculo
955 3110 1039 3176 nihil
1068 3116 1190 3197 potest

173 3196 396 3264 sdmirabilius
419 3217 499 3280 esse,
520 3197 603 3262 nihil
625 3198 800 3282 pulchrius.
837 3197 950 3283 Sequit
951 3221 989 3263 ur
935 3199 1188 3266 tstcllarum
1237 3194 1238 3250 i

172 3285 385 3352 inerrantium
413 3285 554 3350 maxima
575 3286 763 3370 multitudo,
792 3309 928 3371 querum
951 3287 999 3351 ita
1021 3285 1238 3386 discripte
1201 3297 1238 3346 ιι

173 3374 238 3439 dist
224 3374 338 3440 tinctio
367 3374 429 3456 est,
461 3376 498 3436 ut
526 3394 564 3436 cx
590 3377 743 3438 notarum
765 3375 944 3476 figurarum
966 3373 1186 3442 similitudine

120 3461 161 3526 41
173 3462 305 3526 nomina
326 3459 516 3525 invenerint.
553 3458 661 3542 Atque
679 3461 741 3526 hoc
761 3462 832 3527 loco
851 3485 914 3530 me
920 3463 956 3526 in
956 3465 1061 3526 tuc2ns
1086 3459 1187 3548 Utar,
