2458 3934
161 167 228 234 206
507 162 817 220 onnmmsrmrm

161 310 225 377 Sed
245 315 356 376 tamen
377 332 451 375 oum
474 308 634 394 explicare
656 307 740 372 nihil
762 329 884 393 posses,
906 307 1063 394 pugnasti
1084 331 1167 376 com·

161 399 386 465 menticiorum
408 398 630 481 exemplorum
652 395 789 462 mirifica
810 397 912 481 eopia.
947 397 998 462 De
1020 419 1088 482 quo
1106 398 1168 483 pri·

161 509 251 552 mum
279 485 341 552 hoo
367 485 450 550 libet
471 485 588 550 dicere:
614 483 686 550 Hoc
713 505 775 570 ego
797 484 987 570 philosophi
1006 507 1077 551 non
1099 507 1168 552 esso

161 575 317 651 arbitror,
342 573 483 639 testibus
510 573 574 657 uti,
601 572 658 656 qui
685 576 743 636 aut
768 593 846 638 casu
867 573 937 638 reri
959 578 1017 638 aut
1039 574 1169 640 malitia

160 662 238 728 falsi
263 623 395 746 fictique
422 681 492 727 esse
519 664 671 745 possunt3
699 660 901 746 argumentis
929 664 962 726 et
984 662 1201 728 rationibuss

162 754 302 835 oportet,
325 769 424 834 quare
442 748 583 832 quidque
600 748 649 813 ita
666 747 720 830 sit,
741 748 865 832 dooere,
885 769 951 814 nou
970 751 1169 836 mentiaris

112 837 370 992 12ριιιοῦιίιιιιιι,εἰ
387 837 519 989 quilqueh
527 835 609 900 mihi
630 836 728 901 liceat
749 857 817 902 non
838 836 976 902 credere.
1066 927 1117 992 bh

110 978 144 1027 ιε
162 1036 260 1081 causa
286 923 723 1098 οιῐιιιιιιιιιιειιιιιπιιιιιςιιιιιι
743 945 924 1078 (idienriddii
936 926 1066 1081 creerisdii1
1111 949 1170 1081 δῇ

163 1104 226 1168 soli
253 1123 377 1185 sumus3
405 1101 482 1167 licet
508 1121 620 1166 rerum
643 1100 809 1184 exquirere
833 1100 901 1166 sine
922 1101 1063 1187 invidia,
1092 1104 1200 1170 mihiu

162 1190 355 1276 praesertim
368 1150 412 1254 de
434 1188 597 1273 plerisque
614 1187 786 1253 dubitanti.
817 1153 1063 1290 Inspiciamus,
1062 1214 1094 1257 sr
1083 1192 1169 1277 'pla-

163 1282 223 1362 cet,
241 1281 316 1342 exta
334 1276 485 1360 primum.
514 1274 706 1340 Persuaderi
718 1276 821 1361 igitur
835 1277 985 1362 cuiquam
998 1284 1113 1364 potest
1126 1303 1169 1380 ea,

163 1386 245 1450 quae
264 1364 440 1450 significari
459 1363 609 1430 dicuntur
622 1363 705 1428 extis
705 1365 864 1450 ,cognita
881 1386 952 1431 osse
966 1367 1009 1432 ab
1024 1367 1157 1452 harusp'
1148 1390 1169 1431 ι-

163 1388 253 1521 eqibus
272 1451 498 1518 observatione
516 1452 690 1518 diuturna?
713 1450 818 1528 Quam
836 1452 989 1519 diuturne
1002 1455 1073 1521 ista
1085 1455 1167 1520 fuit?

163 1546 220 1608 aut
236 1563 334 1626 quam
347 1540 526 1626 longinquo
539 1543 685 1625 tempore
699 1540 867 1606 observari
883 1542 1019 1645 potuit?
1035 1549 1095 1610 aut
1109 1564 1167 1628 quo
1179 1560 1198 1600 1⁵

163 1629 259 1696 modo
274 1632 324 1695 est
342 1629 452 1694 conlat
437 1631 507 1694 tum
525 1627 633 1693 inter
623 1648 723 1713 rpsos,
741 1649 824 1712 quae
837 1651 913 1715 pars
927 1630 1072 1718 inimica,
1090 1652 1166 1717 quae

163 1739 240 1804 pars
269 1717 440 1784 familiaris
470 1719 569 1800 esset,
601 1715 687 1799 quod
715 1716 829 1782 fissum
856 1717 1053 1805 periculum,
1087 1718 1167 1805 quod

163 1805 368 1872 commodum
391 1804 523 1888 aliquod
546 1803 751 1870 ostenderet?
787 1803 842 1868 An
859 1804 938 1872 haec
957 1807 1046 1872 inter
1065 1830 1100 1873 se
1087 1742 1165 1872 q·lra
1208 1831 1209 1870 ι

163 1916 241 1979 rusp
242 1895 306 1960 ioes
333 1891 479 1975 Etrusci,
506 1891 586 1975 Elii,
613 1891 782 1977 Aegyptii,
810 1891 911 1958 Poeni
939 1871 1209 1962 eontulenmt‘l

165 1983 211 2046 At
219 1918 285 2065 pid,
314 1941 542 2066 praeterqiram
569 1979 655 2080 quod
681 1979 752 2044 fieri
778 2001 844 2046 non
869 1981 992 2067 potuit,
1020 2005 1065 2050 ne
1092 1981 1195 2068 fingit

165 2031 293 2154 quideni
324 2071 447 2152 potcst3
479 2068 562 2135 elios
594 2067 679 2132 enim
711 2067 776 2133 alio
804 2090 893 2134 more
920 2069 1070 2138 videmus
1098 2075 1166 2137 exta

111 2169 145 2219 29
163 2156 385 2241 interpretari,
411 2177 470 2222 nec
495 2177 566 2220 esse
587 2177 685 2220 unam
707 2155 852 2221 omnium
875 2157 1093 2243 disciplinam.
1125 2157 1165 2224 ιιι

164 2247 259 2327 certe,
282 2245 311 2308 si
333 2243 416 2309 est
406 2264 441 2308 ιιι
463 2243 546 2308 extis
569 2243 762 2327 aliquavis,
785 2266 867 2328 quae
890 2244 1034 2312 declaret
1051 2248 1164 2328 futura,

163 2352 294 2398 necesse
316 2336 367 2397 est
389 2353 461 2396 eam
483 2335 541 2396 aut
563 2352 766 2396 cumrerum
788 2336 907 2398 natura
929 2355 1000 2399 esse
1023 2336 1165 2402 coniunc·
1207 2395 1208 2416 ,

164 2425 234 2486 tam
265 2423 322 2486 aut
353 2418 549 2486 conformari
580 2418 720 2503 quodem
752 2419 848 2486 modo
877 2422 1009 2488 numine
1037 2424 1193 2489 deonna

163 2509 261 2592 vique
284 2507 401 2574 divina.
437 2505 520 2572 Cum
542 2527 651 2572 rerum
672 2511 790 2574 natura
812 2512 905 2574 tanta
927 2513 1062 2595 tamque
1082 2531 1164 2597 prae

165 2596 253 2662 olera
279 2595 314 2660 in
341 2616 452 2661 omnes
479 2599 590 2680 partes
617 2598 789 2679 motusque
812 2596 928 2662 diffusa
951 2598 1029 2682 quid
1051 2600 1163 2665 habere
1207 2593 1208 2618 ¹

165 2687 275 2768 potest
293 2704 461 2749 commune
478 2704 545 2747 non
559 2682 663 2748 dicam
676 2683 894 2768 gallinaceum
908 2684 954 2749 fel
969 2683 1062 2772 (sunt
1076 2687 1163 2766 enim,

166 2772 221 2855 qui
243 2772 296 2836 vel
318 2769 528 2856 argutissima
550 2770 630 2836 haee
653 2773 728 2835 exta
751 2793 821 2838 esse
844 2771 981 2858 dicant),
1005 2775 1062 2839 sed
1085 2770 1162 2840 tauri

167 2857 267 2942 opimi
293 2857 381 2922 iecur
408 2862 464 2922 aut
490 2879 547 2924 cor
573 2862 630 2923 aut
654 2858 766 2942 pulmo
790 2860 867 2943 quid
889 2859 989 2926 habet
1011 2861 1163 2941 naturale,
1173 2871 1193 2912 ⁸⁰

113 2944 253 3043 30quod
275 2944 438 3009 declarare
460 2946 574 3045 possit,
597 2946 674 3030 quid
696 2945 842 3012 futurum
865 2948 931 3012 sit?
964 2907 1163 3016 Democritus

113 2994 277 3098 30tamen
302 3051 369 3096 ιιοιι
395 3031 510 3097 inscite
531 3038 634 3120 nugat
635 3055 687 3118 ur,
712 3038 751 3100 ut
772 3035 939 3121 physicus,
967 3059 1031 3122 quo
1056 3053 1162 3125 genere

166 3120 248 3186 nihil
272 3118 496 3206 adrogantius:

210 3207 318 3285 Quod
353 3210 412 3272 est
444 3211 531 3272 ante
562 3210 692 3294 pedes,
727 3212 836 3277 nemo
869 3216 1039 3297 spectat,
1073 3207 1161 3278 cac'li
1206 3267 1207 3274 ,

687 3303 914 3364 scrutantur
936 3301 1083 3386 plagas.

166 3381 326 3448 Verum
314 3403 345 3445 rs
375 3385 485 3446 tamen
512 3381 627 3447 habitu
654 3388 801 3452 extorum
829 3391 862 3452 et
885 3388 991 3452 colore
1015 3382 1207 3454 declararit⁵

168 3473 276 3534 censet
298 3466 377 3532 haec
401 3467 582 3532 dumtaxat.
605 3471 718 3552 pabuli
742 3493 843 3558 genus
867 3478 900 3538 et
922 3497 1033 3540 earum
1055 3492 1160 3553 rerum,

115 2917 156 2981 13
