2510 3936
350 203 417 260 ΠΒ.
436 204 457 260 1.
478 203 553 260 οΑΡ.
575 210 687 261 15-18.
706 211 722 271 s
740 211 853 262 42-48.
1037 207 1101 272 397

96 347 303 414 diiudicanda
332 352 416 413 sunt.
461 346 548 413 Nam
579 348 606 414 si
636 349 787 434 opinione
813 351 964 416 universa
989 351 1104 436 virtus,

96 437 212 502 eadem
234 438 302 502 eius
322 437 421 502 etiam
439 441 550 521 partes
568 437 798 523 probarentur3
821 439 893 524 quis
912 439 1013 524 igitur
1031 463 1104 524 pru·

96 527 228 590 dentem
252 530 294 610 et,
316 529 353 590 ut
375 525 423 589 ita
446 525 561 610 dicam,
584 528 692 591 catum
714 547 781 593 non
803 527 962 612 exipsius
980 527 1104 610 habitu,

97 615 157 680 sed
179 637 218 679 ex
242 614 351 699 aliqua
373 635 408 678 re
427 617 560 679 externa
577 614 718 680 iudicet?
742 619 791 680 est
810 615 896 680 enim
913 617 1017 681 virtus
1035 638 1105 701 per·

70 704 186 768 eiecta
215 703 314 787 ratic,
346 702 432 786 quod
459 708 545 769 certe
572 702 607 767 in
632 707 750 768 natura
776 708 840 788 cst3
871 704 973 790 igitur
1000 705 1105 772 omnis

96 793 254 858 honestas
278 791 390 856 eodem
412 791 517 856 modo.
552 788 640 856 Nam
662 794 700 856 ut
716 813 794 858 vera
813 795 846 857 εὴ
862 791 956 876 falsa,
978 798 1016 859 ut
1034 815 1106 860 oon-
1119 794 1156 857 17

98 880 269 965 sequentia
292 883 324 944 et
348 879 512 946 contraria
534 901 593 944 sua
613 883 738 964 sponte,
759 901 826 946 non
843 879 950 946 aliena
967 881 1106 947 iudican-

97 975 170 1054 tur,
193 969 239 1035 sic
262 971 415 1036 constans
438 972 471 1033 et
493 972 650 1054 perpetua
672 969 756 1034 ratio
779 969 875 1054 vitae,
898 991 980 1056 quae
1002 970 1106 1035 virtus

97 1063 159 1142 est,
183 1058 325 1141 itemque
342 1056 570 1140 inconstantia,
594 1055 679 1141 quod
696 1060 748 1122 cst
764 1057 890 1141 vitium,
912 1079 972 1124 sua
989 1061 1107 1124 natura

60 1166 84 1205 ιο
105 1147 349 1231 ...probavit
369 1167 431 1212 nos
454 1146 583 1230 ingenia
605 1146 758 1211 iuvenum
779 1167 845 1212 non
867 1145 968 1212 item?
996 1169 1039 1213 an
1060 1148 1106 1212 in-
1125 1158 1158 1205 46

99 1236 198 1324 genia
224 1239 354 1319 natura,
380 1235 520 1300 virtutes
548 1237 581 1304 ct
603 1233 698 1319 vitia,
726 1257 807 1319 quae
831 1235 974 1300 existunt
997 1236 1038 1302 ab
1061 1236 1107 1300 in-

99 1325 215 1412 geniiS,
238 1323 333 1388 aliter
355 1323 605 1388 iudicabuntur?
628 1345 671 1388 an
693 1344 731 1389 ea
753 1345 818 1389 non
842 1323 946 1407 aliter,
969 1324 1107 1390 honesta

99 1418 134 1479 et
156 1413 266 1496 turpia
288 1433 354 1476 non
377 1412 418 1476 ad
439 1415 592 1476 naturam
613 1411 728 1478 referri
749 1433 879 1479 necesso
903 1413 988 1478 erit?
1016 1411 1108 1488 Quod

99 1500 264 1567 laudabile
295 1501 418 1580 bonum
448 1503 511 1583 est,
543 1499 578 1562 in
607 1521 642 1563 se
671 1499 804 1584 habeat,
836 1501 923 1585 quod
949 1501 1108 1585 laudetur,

61 1607 85 1646 1⁵
99 1611 231 1656 necesse
259 1592 321 1673 cst3
349 1589 456 1673 ipsum
480 1587 564 1652 enim
587 1587 709 1652 bonum
730 1609 797 1653 non
819 1592 870 1654 est
892 1589 1108 1674 opinionibus,

100 1679 158 1745 sed
185 1681 316 1761 natura3
343 1699 420 1742 nam
442 1676 477 1740 ni
498 1676 547 1740 ita
569 1678 668 1758 esset,
695 1676 784 1740 beati
806 1698 934 1760 quoque
957 1677 1107 1762 opinione

99 1770 224 1850 essent;
247 1788 311 1850 quo
335 1764 412 1850 quid
434 1764 497 1829 dici
519 1767 629 1848 potest
646 1764 801 1830 stultius?
833 1763 939 1840 Quare
958 1787 1056 1850 quom
1075 1769 1108 1831 εὴ

99 1859 224 1922 bonum
247 1859 280 1919 et
302 1854 425 1918 malum
446 1856 565 1917 natura
581 1851 740 1917 iudicetur
758 1856 791 1917 ct
809 1875 847 1917 ea
865 1854 932 1918 sint
949 1853 1108 1939 principia

100 1948 247 2027 naturae,
270 1946 356 2008 certe
378 1941 517 2006 honesta
541 1961 667 2024 quoque
686 1944 719 2005 et
737 1941 846 2026 turpia
864 1941 964 2007 simili
981 1941 1108 2006 ratione

61 2050 87 2088 2⁰
101 2031 307 2098 diiudicanda
334 2034 367 2096 et
393 2030 434 2096 ad
460 2033 612 2096 naturam
635 2027 802 2095 referenda
824 2034 908 2095 sunt.
954 2027 1016 2093 Sed
1038 2052 1107 2114 per·
1126 2037 1160 2086 47

100 2121 216 2186 turbat
237 2141 297 2184 nos
322 2119 510 2203 opinionum
532 2118 673 2183 varietas
692 2117 922 2202 hominumque
942 2117 1108 2203 dissensio,

102 2214 135 2275 εὴ
164 2208 333 2292 quianon
359 2207 445 2272 idem
468 2206 629 2291 contingit
656 2206 691 2270 in
718 2207 879 2288 sensibus,
908 2206 968 2272 hos
991 2210 1109 2273 natura

102 2301 209 2364 certos
236 2300 404 2381 putamus,
432 2294 506 2378 illa,
536 2315 617 2379 quae
646 2293 719 2358 aliis
747 2295 807 2378 sio,
835 2295 908 2359 aliis
936 2316 1027 2360 secus
1050 2317 1109 2361 nec

101 2387 206 2451 isdem
229 2406 355 2469 semper
377 2405 441 2448 uno
464 2381 559 2448 modo
582 2381 744 2464 videntur,
767 2382 844 2447 ficta
867 2403 937 2447 esse
960 2383 1108 2468 dicimus3

62 2490 88 2530 25
104 2474 191 2560 quod
219 2476 269 2538 est
295 2474 392 2557 longe
421 2471 524 2536 aliter.
568 2467 655 2534 Nam
679 2489 791 2534 sensus
813 2474 944 2535 nostros
966 2491 1032 2535 non
1053 2495 1109 2556 pa-

103 2585 188 2646 rens,
210 2583 276 2626 non
293 2561 413 2642 nutrix,
435 2581 501 2624 non
519 2557 684 2642 magister,
702 2579 768 2622 non
785 2561 891 2642 polita,
909 2579 976 2622 non
993 2580 1109 2625 scaena

104 2653 274 2735 depravat,
296 2671 363 2714 non
386 2646 603 2712 multitudinis
627 2665 800 2712 consensus
824 2646 953 2711 abducit
977 2669 996 2710 a
1018 2669 1109 2731 rero;

105 2739 222 2806 animis
241 2759 353 2802 omnes
371 2735 547 2800 tenduntur
564 2734 701 2799 insidiae
719 2733 771 2798 vel
790 2734 831 2799 ab
849 2733 900 2817 iis,
919 2756 999 2819 quos
1014 2736 1109 2800 modo

18 2827 21 2836 '
104 2825 299 2909 enumeravi,
321 2824 377 2908 qui
399 2827 528 2888 teneros
552 2827 585 2887 et
607 2822 701 2886 rudes
725 2842 823 2905 quom
841 2826 1040 2909 acceperunt,
1063 2823 1109 2888 in·

63 2931 90 2972 ³0
103 2916 217 2980 ficiunt
240 2917 273 2978 et
295 2914 439 2995 flectunt,
460 2915 499 2975 ut
519 2912 643 2993 volunt,
666 2910 718 2976 vel
741 2909 782 2974 ab
806 2931 853 2993 ea,
876 2933 958 2994 quae
980 2911 1109 2996 penitus

104 3005 140 3068 in
163 3002 252 3067 omni
275 3022 371 3066 sensu
390 3000 548 3085 inplicata
564 3000 691 3083 insidet,
714 2998 873 3063 imitatrix
891 3000 977 3082 boni,
1000 3001 1112 3084 volup-

104 3097 168 3177 tas,
189 3091 349 3155 malorum
373 3093 482 3154 autem
505 3092 609 3156 mater
631 3087 786 3171 omnium,¹
806 3087 920 3170 quoius
944 3087 1111 3152 blanditiis

105 3179 263 3263 corrupti,
291 3199 373 3263 quae
395 3181 514 3242 natura
536 3178 622 3244 bona
645 3179 734 3259 sunt,
764 3175 839 3260 quia
861 3174 1027 3239 dulcedine
1049 3175 1111 3241 hac

106 3272 139 3333 εὴ
162 3267 270 3332 scabie
293 3269 414 3349 carent,
435 3287 502 3331 non
525 3269 659 3331 cernunt
683 3265 772 3330 satis.
1122 3312 1163 3378 18

64 3371 92 3414 ³⁵
173 3353 339 3439 Sequitur,
370 3357 407 3418 ut
438 3355 589 3419 conclusa
621 3353 701 3416 mihi
732 3353 798 3418 iam
827 3352 907 3416 haec
934 3350 978 3414 sit
1006 3351 1110 3416 omnis
1129 3388 1163 3438 43

106 3445 222 3529 oratio,
244 3444 278 3508 id
297 3443 383 3527 quod
401 3446 476 3507 ante
495 3443 605 3507 oculos
624 3441 720 3505 exiis
739 3444 799 3523 est,
822 3460 903 3523 quae
922 3438 1111 3517 dictasunt,

106 3536 140 3597 ct
163 3533 213 3597 ius
232 3536 265 3597 εὴ
284 3552 378 3596 omne
396 3530 569 3596 honestum
587 3551 645 3594 sua
664 3531 779 3613 sponte
798 3549 867 3592 esse
887 3527 1111 3614 expetendum3
