<?xml version="1.0" encoding="UTF-8"?>
<!DOCTYPE html PUBLIC "-//W3C//DTD XHTML 1.0 Transitional//EN"
    "http://www.w3.org/TR/xhtml1/DTD/xhtml1-transitional.dtd">
<html xmlns="http://www.w3.org/1999/xhtml" xml:lang="en" lang="en">
 <head>
  <title>
</title>
<meta http-equiv="Content-Type" content="text/html;charset=utf-8" />
  <meta name='ocr-system' content='tesseract 3.04.00' />
  <meta name='ocr-capabilities' content='ocr_page ocr_carea ocr_par ocr_line ocrx_word'/>
</head>
<body>
  <div class='ocr_page' id='page_1' title='image "./mtulliiciceroni03mlgoog_0131.png"; bbox 0 0 2478 3936; ppageno 0'>
   <div class='ocr_carea' id='block_1_1' title="bbox 145 151 929 236">
    <p class='ocr_par' dir='ltr' id='par_1_1' title="bbox 145 151 929 236">
     <span class='ocr_line' id='line_1_1' title="bbox 145 151 929 236; baseline -0.005 -11"><span class='ocrx_word' id='word_1_1' title='bbox 145 171 187 236; x_wconf 72' lang='lat'>78</span> <span class='ocrx_word' id='word_1_2' title='bbox 453 169 503 224; x_wconf 82' lang='lat' dir='ltr'>nn</span> <span class='ocrx_word' id='word_1_3' title='bbox 521 169 672 224; x_wconf 73' lang='lat' dir='ltr'>nannai</span> <span class='ocrx_word' id='word_1_4' title='bbox 689 151 844 222; x_wconf 81' lang='lat' dir='ltr'>unorum</span> <span class='ocrx_word' id='word_1_5' title='bbox 921 199 929 206; x_wconf 86' lang='lat'>-</span> 
     </span>
    </p>
   </div>
   <div class='ocr_carea' id='block_1_2' title="bbox 188 311 1209 751">
    <p class='ocr_par' dir='ltr' id='par_1_2' title="bbox 188 311 983 396">
     <span class='ocr_line' id='line_1_2' title="bbox 188 311 983 396; baseline -0.006 -16"><span class='ocrx_word' id='word_1_6' title='bbox 188 311 369 380; x_wconf 79' lang='lat' dir='ltr'>Existere</span> <span class='ocrx_word' id='word_1_7' title='bbox 390 315 490 380; x_wconf 86' lang='lat' dir='ltr'>ictos</span> <span class='ocrx_word' id='word_1_8' title='bbox 513 315 625 379; x_wconf 81' lang='lat' dir='ltr'>undis</span> <span class='ocrx_word' id='word_1_9' title='bbox 648 311 983 396; x_wconf 75' lang='lat' dir='ltr'>concursantibus,</span> 
     </span>
    </p>

    <p class='ocr_par' dir='ltr' id='par_1_3' title="bbox 188 398 1209 751">
     <span class='ocr_line' id='line_1_3' title="bbox 188 398 1165 490; baseline -0.005 -22"><span class='ocrx_word' id='word_1_10' title='bbox 188 401 276 468; x_wconf 91' lang='lat' dir='ltr'>Nisi</span> <span class='ocrx_word' id='word_1_11' title='bbox 299 404 392 490; x_wconf 78' lang='lat' dir='ltr'>quas</span> <span class='ocrx_word' id='word_1_12' title='bbox 415 403 619 467; x_wconf 87' lang='lat' dir='ltr'>terrestria</span> <span class='ocrx_word' id='word_1_13' title='bbox 641 403 784 486; x_wconf 84' lang='lat' dir='ltr'>pdntus</span> <span class='ocrx_word' id='word_1_14' title='bbox 806 404 960 485; x_wconf 85' lang='lat' dir='ltr'>strages</span> <span class='ocrx_word' id='word_1_15' title='bbox 984 398 1165 483; x_wconf 86' lang='lat' dir='ltr'>cdnciet,</span> 
     </span>
     <span class='ocr_line' id='line_1_4' title="bbox 189 489 1090 571; baseline -0.003 -16"><span class='ocrx_word' id='word_1_16' title='bbox 189 490 268 556; x_wconf 82' lang='lat' dir='ltr'>Aut</span> <span class='ocrx_word' id='word_1_17' title='bbox 288 491 391 556; x_wconf 83' lang='lat' dir='ltr'>fdrte</span> <span class='ocrx_word' id='word_1_18' title='bbox 413 490 552 556; x_wconf 86' lang='lat' dir='ltr'>Triton</span> <span class='ocrx_word' id='word_1_19' title='bbox 573 489 728 555; x_wconf 76' lang='lat' dir='ltr'>fuscina</span> <span class='ocrx_word' id='word_1_20' title='bbox 750 491 926 553; x_wconf 83' lang='lat' dir='ltr'>everte‘ns</span> <span class='ocrx_word' id='word_1_21' title='bbox 951 509 1090 571; x_wconf 85' lang='lat' dir='ltr'><strong>specus</strong></span> 
     </span>
     <span class='ocr_line' id='line_1_5' title="bbox 189 573 1057 662; baseline -0.002 -20"><span class='ocrx_word' id='word_1_22' title='bbox 189 576 330 644; x_wconf 76' lang='lat' dir='ltr'>Subtdr</span> <span class='ocrx_word' id='word_1_23' title='bbox 351 579 504 644; x_wconf 80' lang='lat' dir='ltr'>radices</span> <span class='ocrx_word' id='word_1_24' title='bbox 525 579 684 662; x_wconf 72' lang='lat' dir='ltr'>penitus</span> <span class='ocrx_word' id='word_1_25' title='bbox 705 577 868 642; x_wconf 82' lang='lat' dir='ltr'><strong>undanti</strong></span> <span class='ocrx_word' id='word_1_26' title='bbox 889 573 930 640; x_wconf 85' lang='lat' dir='ltr'>in</span> <span class='ocrx_word' id='word_1_27' title='bbox 951 575 1057 640; x_wconf 86' lang='lat' dir='ltr'>freto</span> 
     </span>
     <span class='ocr_line' id='line_1_6' title="bbox 188 663 1209 751; baseline -0.002 -20"><span class='ocrx_word' id='word_1_28' title='bbox 188 666 328 733; x_wconf 84' lang='lat' dir='ltr'>Molem</span> <span class='ocrx_word' id='word_1_29' title='bbox 351 669 393 732; x_wconf 73' lang='lat' dir='ltr'>dx</span> <span class='ocrx_word' id='word_1_30' title='bbox 416 667 609 751; x_wconf 85' lang='lat' dir='ltr'>profundo</span> <span class='ocrx_word' id='word_1_31' title='bbox 632 667 786 731; x_wconf 73' lang='lat' dir='ltr'>saxeam</span> <span class='ocrx_word' id='word_1_32' title='bbox 810 665 855 729; x_wconf 92' lang='lat' dir='ltr'>ad</span> <span class='ocrx_word' id='word_1_33' title='bbox 873 664 1021 729; x_wconf 91' lang='lat' dir='ltr'>caelum</span> <span class='ocrx_word' id='word_1_34' title='bbox 1041 663 1163 729; x_wconf 76' lang='lat' dir='ltr'>eruit</span> <span class='ocrx_word' id='word_1_35' title='bbox 1194 680 1209 720; x_wconf 84' lang='lat'>⁵</span> 
     </span>
    </p>
   </div>
   <div class='ocr_carea' id='block_1_3' title="bbox 144 768 1166 945">
    <p class='ocr_par' dir='ltr' id='par_1_4' title="bbox 144 768 1166 945">
     <span class='ocr_line' id='line_1_7' title="bbox 144 768 1166 857; baseline -0.002 -19"><span class='ocrx_word' id='word_1_36' title='bbox 144 772 284 838; x_wconf 75' lang='lat' dir='ltr'><strong>Dubitat</strong></span> <span class='ocrx_word' id='word_1_37' title='bbox 305 772 420 857; x_wconf 91' lang='lat' dir='ltr'>primo,</span> <span class='ocrx_word' id='word_1_38' title='bbox 443 793 525 857; x_wconf 87' lang='lat' dir='ltr'>quae</span> <span class='ocrx_word' id='word_1_39' title='bbox 549 772 593 837; x_wconf 87' lang='lat' dir='ltr'>sit</span> <span class='ocrx_word' id='word_1_40' title='bbox 615 793 654 836; x_wconf 87' lang='lat' dir='ltr'>ea</span> <span class='ocrx_word' id='word_1_41' title='bbox 674 768 802 854; x_wconf 86' lang='lat' dir='ltr'>natura,</span> <span class='ocrx_word' id='word_1_42' title='bbox 825 791 922 854; x_wconf 88' lang='lat' dir='ltr'>quam</span> <span class='ocrx_word' id='word_1_43' title='bbox 940 769 1046 834; x_wconf 80' lang='lat' dir='ltr'>cernit</span> <span class='ocrx_word' id='word_1_44' title='bbox 1062 771 1166 856; x_wconf 82' lang='lat' dir='ltr'>igno-</span> 
     </span>
     <span class='ocr_line' id='line_1_8' title="bbox 145 858 1165 945; baseline -0.004 -19"><span class='ocrx_word' id='word_1_45' title='bbox 145 868 225 944; x_wconf 87' lang='lat' dir='ltr'>tam,</span> <span class='ocrx_word' id='word_1_46' title='bbox 247 860 394 945; x_wconf 86' lang='lat' dir='ltr'>idemque</span> <span class='ocrx_word' id='word_1_47' title='bbox 413 860 583 926; x_wconf 85' lang='lat' dir='ltr'>iuvenibus</span> <span class='ocrx_word' id='word_1_48' title='bbox 601 860 681 925; x_wconf 84' lang='lat' dir='ltr'>visis</span> <span class='ocrx_word' id='word_1_49' title='bbox 700 859 873 942; x_wconf 88' lang='lat' dir='ltr'>auditoque</span> <span class='ocrx_word' id='word_1_50' title='bbox 891 858 1022 924; x_wconf 88' lang='lat' dir='ltr'>nautico</span> <span class='ocrx_word' id='word_1_51' title='bbox 1042 862 1165 923; x_wconf 88' lang='lat' dir='ltr'>cantu:</span> 
     </span>
    </p>
   </div>
   <div class='ocr_carea' id='block_1_4' title="bbox 190 963 1228 1381">
    <p class='ocr_par' dir='ltr' id='par_1_5' title="bbox 190 961 1228 1381">
     <span class='ocr_line' id='line_1_9' title="bbox 190 963 1167 1050; baseline -0.005 -19"><span class='ocrx_word' id='word_1_52' title='bbox 190 965 335 1049; x_wconf 87' lang='lat' dir='ltr'>†Sicut</span> <span class='ocrx_word' id='word_1_53' title='bbox 365 967 480 1032; x_wconf 87' lang='lat' dir='ltr'>inciti</span> <span class='ocrx_word' id='word_1_54' title='bbox 511 971 626 1050; x_wconf 89' lang='lat' dir='ltr'>atque</span> <span class='ocrx_word' id='word_1_55' title='bbox 660 966 808 1030; x_wconf 77' lang='lat' dir='ltr'>alacres</span> <span class='ocrx_word' id='word_1_56' title='bbox 834 963 977 1028; x_wconf 87' lang='lat' dir='ltr'>rostris</span> <span class='ocrx_word' id='word_1_57' title='bbox 1006 963 1167 1047; x_wconf 74' lang='lat' dir='ltr'>perfre-</span> 
     </span>
     <span class='ocr_line' id='line_1_10' title="bbox 190 1056 1228 1225; baseline -0.005 -21"><span class='ocrx_word' id='word_1_58' title='bbox 190 1138 378 1225; x_wconf 87' lang='lat' dir='ltr'>Delphini</span> <span class='ocrx_word' id='word_1_59' title='bbox 400 1141 530 1222; x_wconf 84' lang='lat' dir='ltr'>†item</span> <span class='ocrx_word' id='word_1_60' title='bbox 554 1143 633 1206; x_wconf 86' lang='lat' dir='ltr'>alia</span> <span class='ocrx_word' id='word_1_61' title='bbox 654 1075 789 1208; x_wconf 59' lang='lat' dir='ltr'>mullibil</span> <span class='ocrx_word' id='word_1_62' title='bbox 793 1056 951 1205; x_wconf 67' lang='lat' dir='ltr'>1diluani</span> <span class='ocrx_word' id='word_1_63' title='bbox 972 1140 1075 1203; x_wconf 90' lang='lat' dir='ltr'>melo</span> <span class='ocrx_word' id='word_1_64' title='bbox 1227 1207 1228 1222; x_wconf 22' lang='lat'>2</span> 
     </span>
     <span class='ocr_line' id='line_1_11' title="bbox 192 1225 1207 1381; baseline -0.001 -89"><span class='ocrx_word' id='word_1_65' title='bbox 192 1225 443 1293; x_wconf 85' lang='lat' dir='ltr'>Consimilem</span> <span class='ocrx_word' id='word_1_66' title='bbox 484 1228 529 1292; x_wconf 91' lang='lat' dir='ltr'>ad</span> <span class='ocrx_word' id='word_1_67' title='bbox 570 1251 681 1294; x_wconf 84' lang='lat' dir='ltr'>aures</span> <span class='ocrx_word' id='word_1_68' title='bbox 722 1231 870 1381; x_wconf 52' lang='lat' dir='ltr'>qqqqqpr</span> <span class='ocrx_word' id='word_1_69' title='bbox 907 1231 943 1292; x_wconf 87' lang='lat' dir='ltr'>et</span> <span class='ocrx_word' id='word_1_70' title='bbox 979 1227 1207 1374; x_wconf 78' lang='lat' dir='ltr'>auditum1⁰</span> 
     </span>
    </p>
   </div>
   <div class='ocr_carea' id='block_1_5' title="bbox 95 1420 1228 3461">
    <p class='ocr_par' dir='ltr' id='par_1_6' title="bbox 95 1411 1228 1859">
     <span class='ocr_line' id='line_1_12' title="bbox 95 1420 1166 1508; baseline 0.001 -22"><span class='ocrx_word' id='word_1_71' title='bbox 95 1439 130 1486; x_wconf 84' lang='lat' dir='ltr'>oo</span> <span class='ocrx_word' id='word_1_72' title='bbox 148 1420 238 1507; x_wconf 82' lang='lat' dir='ltr'>Ergo</span> <span class='ocrx_word' id='word_1_73' title='bbox 265 1425 303 1486; x_wconf 92' lang='lat' dir='ltr'>ut</span> <span class='ocrx_word' id='word_1_74' title='bbox 328 1420 381 1486; x_wconf 91' lang='lat' dir='ltr'>hic</span> <span class='ocrx_word' id='word_1_75' title='bbox 409 1421 514 1506; x_wconf 91' lang='lat' dir='ltr'>primo</span> <span class='ocrx_word' id='word_1_76' title='bbox 542 1426 676 1508; x_wconf 89' lang='lat' dir='ltr'>aspectu</span> <span class='ocrx_word' id='word_1_77' title='bbox 702 1423 882 1487; x_wconf 89' lang='lat' dir='ltr'>inanimum</span> <span class='ocrx_word' id='word_1_78' title='bbox 909 1421 1064 1506; x_wconf 82' lang='lat' dir='ltr'>quiddam</span> <span class='ocrx_word' id='word_1_79' title='bbox 1087 1443 1166 1486; x_wconf 85' lang='lat' dir='ltr'>sen·</span> 
     </span>
     <span class='ocr_line' id='line_1_13' title="bbox 148 1509 1228 1595; baseline -0.001 -21"><span class='ocrx_word' id='word_1_80' title='bbox 148 1531 250 1592; x_wconf 88' lang='lat' dir='ltr'>suque</span> <span class='ocrx_word' id='word_1_81' title='bbox 279 1531 417 1574; x_wconf 79' lang='lat' dir='ltr'>vacuum</span> <span class='ocrx_word' id='word_1_82' title='bbox 447 1531 481 1574; x_wconf 90' lang='lat' dir='ltr'>se</span> <span class='ocrx_word' id='word_1_83' title='bbox 511 1515 607 1595; x_wconf 88' lang='lat' dir='ltr'>putat</span> <span class='ocrx_word' id='word_1_84' title='bbox 636 1532 780 1594; x_wconf 86' lang='lat' dir='ltr'>cernere,</span> <span class='ocrx_word' id='word_1_85' title='bbox 808 1514 884 1595; x_wconf 90' lang='lat' dir='ltr'>post</span> <span class='ocrx_word' id='word_1_86' title='bbox 914 1514 1024 1574; x_wconf 91' lang='lat' dir='ltr'>autem</span> <span class='ocrx_word' id='word_1_87' title='bbox 1053 1509 1165 1595; x_wconf 84' lang='lat' dir='ltr'>signis</span> <span class='ocrx_word' id='word_1_88' title='bbox 1227 1521 1228 1560; x_wconf 66' lang='grc' dir='ltr'>ἐ</span> 
     </span>
     <span class='ocr_line' id='line_1_14' title="bbox 149 1597 1228 1682; baseline 0 -20"><span class='ocrx_word' id='word_1_89' title='bbox 149 1598 354 1679; x_wconf 73' lang='lat' dir='ltr'>certioribus,</span> <span class='ocrx_word' id='word_1_90' title='bbox 384 1598 479 1682; x_wconf 88' lang='lat' dir='ltr'>quale</span> <span class='ocrx_word' id='word_1_91' title='bbox 503 1599 547 1663; x_wconf 93' lang='lat' dir='ltr'>sit</span> <span class='ocrx_word' id='word_1_92' title='bbox 569 1599 616 1679; x_wconf 89' lang='lat' dir='ltr'>id,</span> <span class='ocrx_word' id='word_1_93' title='bbox 642 1599 681 1663; x_wconf 89' lang='lat' dir='ltr'>de</span> <span class='ocrx_word' id='word_1_94' title='bbox 708 1620 772 1682; x_wconf 91' lang='lat' dir='ltr'>quo</span> <span class='ocrx_word' id='word_1_95' title='bbox 796 1598 1014 1680; x_wconf 75' lang='lat' dir='ltr'>dubitaverat,</span> <span class='ocrx_word' id='word_1_96' title='bbox 1040 1597 1166 1682; x_wconf 88' lang='lat' dir='ltr'>incipit</span> <span class='ocrx_word' id='word_1_97' title='bbox 1227 1599 1228 1680; x_wconf 78' lang='lat' dir='ltr'>l</span> 
     </span>
     <span class='ocr_line' id='line_1_15' title="bbox 149 1685 1228 1772; baseline 0 -22"><span class='ocrx_word' id='word_1_98' title='bbox 149 1688 321 1771; x_wconf 85' lang='lat' dir='ltr'>suspicari,</span> <span class='ocrx_word' id='word_1_99' title='bbox 348 1686 395 1752; x_wconf 89' lang='lat' dir='ltr'>sic</span> <span class='ocrx_word' id='word_1_100' title='bbox 422 1687 608 1772; x_wconf 90' lang='lat' dir='ltr'>philosophi</span> <span class='ocrx_word' id='word_1_101' title='bbox 636 1687 828 1770; x_wconf 89' lang='lat' dir='ltr'>debuemnt,</span> <span class='ocrx_word' id='word_1_102' title='bbox 855 1687 883 1750; x_wconf 92' lang='lat' dir='ltr'>si</span> <span class='ocrx_word' id='word_1_103' title='bbox 904 1685 989 1752; x_wconf 86' lang='lat' dir='ltr'>forta</span> <span class='ocrx_word' id='word_1_104' title='bbox 1013 1706 1069 1751; x_wconf 85' lang='lat' dir='ltr'>eos</span> <span class='ocrx_word' id='word_1_105' title='bbox 1092 1687 1166 1770; x_wconf 91' lang='lat' dir='ltr'>pri·</span> <span class='ocrx_word' id='word_1_106' title='bbox 1227 1685 1228 1728; x_wconf 67' lang='lat'><em>³</em></span> 
     </span>
     <span class='ocr_line' id='line_1_16' title="bbox 149 1773 1228 1859; baseline 0.001 -21"><span class='ocrx_word' id='word_1_107' title='bbox 149 1795 221 1838; x_wconf 87' lang='lat' dir='ltr'>mus</span> <span class='ocrx_word' id='word_1_108' title='bbox 240 1779 390 1859; x_wconf 89' lang='lat' dir='ltr'>aspectus</span> <span class='ocrx_word' id='word_1_109' title='bbox 409 1774 520 1839; x_wconf 88' lang='lat' dir='ltr'>mundi</span> <span class='ocrx_word' id='word_1_110' title='bbox 538 1775 798 1856; x_wconf 82' lang='lat' dir='ltr'>conturbaverat,</span> <span class='ocrx_word' id='word_1_111' title='bbox 820 1778 944 1859; x_wconf 87' lang='lat' dir='ltr'>postea,</span> <span class='ocrx_word' id='word_1_112' title='bbox 966 1795 1040 1838; x_wconf 89' lang='lat' dir='ltr'>oum</span> <span class='ocrx_word' id='word_1_113' title='bbox 1058 1773 1202 1839; x_wconf 79' lang='lat' dir='ltr'>vidis-1⁵</span> <span class='ocrx_word' id='word_1_114' title='bbox 1227 1777 1228 1852; x_wconf 78' lang='lat' dir='ltr'>l</span> 
     </span>
    </p>

    <p class='ocr_par' dir='ltr' id='par_1_7' title="bbox 150 1853 1228 1954">
     <span class='ocr_line' id='line_1_17' title="bbox 150 1862 1163 1946; baseline 0.001 -21"><span class='ocrx_word' id='word_1_115' title='bbox 150 1865 222 1925; x_wconf 92' lang='lat' dir='ltr'>sent</span> <span class='ocrx_word' id='word_1_116' title='bbox 248 1866 355 1927; x_wconf 88' lang='lat' dir='ltr'>motus</span> <span class='ocrx_word' id='word_1_117' title='bbox 384 1863 452 1926; x_wconf 89' lang='lat' dir='ltr'>eius</span> <span class='ocrx_word' id='word_1_118' title='bbox 478 1862 588 1928; x_wconf 86' lang='lat' dir='ltr'>finitos</span> <span class='ocrx_word' id='word_1_119' title='bbox 611 1868 646 1926; x_wconf 89' lang='lat' dir='ltr'>et</span> <span class='ocrx_word' id='word_1_120' title='bbox 669 1862 854 1946; x_wconf 86' lang='lat' dir='ltr'>aequabiles</span> <span class='ocrx_word' id='word_1_121' title='bbox 877 1862 1050 1946; x_wconf 87' lang='lat' dir='ltr'>omniaque</span> <span class='ocrx_word' id='word_1_122' title='bbox 1073 1863 1163 1926; x_wconf 85' lang='lat' dir='ltr'>ratis</span> 
     </span>
    </p>

    <p class='ocr_par' dir='ltr' id='par_1_8' title="bbox 150 1948 1228 2034">
     <span class='ocr_line' id='line_1_18' title="bbox 150 1948 1228 2034; baseline 0 -20"><span class='ocrx_word' id='word_1_123' title='bbox 150 1948 316 2014; x_wconf 83' lang='lat' dir='ltr'>ordinibus</span> <span class='ocrx_word' id='word_1_124' title='bbox 343 1949 510 2014; x_wconf 87' lang='lat' dir='ltr'>moderata</span> <span class='ocrx_word' id='word_1_125' title='bbox 537 1951 783 2034; x_wconf 88' lang='lat' dir='ltr'>inmutabilique</span> <span class='ocrx_word' id='word_1_126' title='bbox 806 1951 1003 2033; x_wconf 88' lang='lat' dir='ltr'>constantia,</span> <span class='ocrx_word' id='word_1_127' title='bbox 1030 1950 1166 2014; x_wconf 78' lang='lat' dir='ltr'>intelle</span> <span class='ocrx_word' id='word_1_128' title='bbox 1227 1975 1228 2034; x_wconf 52' lang='lat' dir='ltr'>i</span> 
     </span>
    </p>

    <p class='ocr_par' dir='ltr' id='par_1_9' title="bbox 149 2037 1228 2298">
     <span class='ocr_line' id='line_1_19' title="bbox 149 2037 1228 2132; baseline 0.005 -33"><span class='ocrx_word' id='word_1_129' title='bbox 149 2055 225 2121; x_wconf 83' lang='lat' dir='ltr'>gere</span> <span class='ocrx_word' id='word_1_130' title='bbox 255 2037 360 2100; x_wconf 85' lang='lat' dir='ltr'>inesse</span> <span class='ocrx_word' id='word_1_131' title='bbox 392 2037 533 2122; x_wconf 85' lang='lat' dir='ltr'>aliquem</span> <span class='ocrx_word' id='word_1_132' title='bbox 559 2060 626 2104; x_wconf 91' lang='lat' dir='ltr'>non</span> <span class='ocrx_word' id='word_1_133' title='bbox 653 2039 759 2104; x_wconf 90' lang='lat' dir='ltr'>solum</span> <span class='ocrx_word' id='word_1_134' title='bbox 786 2038 1004 2103; x_wconf 86' lang='lat' dir='ltr'>habitatorem</span> <span class='ocrx_word' id='word_1_135' title='bbox 1032 2037 1068 2101; x_wconf 92' lang='lat' dir='ltr'>in</span> <span class='ocrx_word' id='word_1_136' title='bbox 1094 2038 1165 2104; x_wconf 87' lang='lat' dir='ltr'>hac</span> <span class='ocrx_word' id='word_1_137' title='bbox 1227 2041 1228 2132; x_wconf 68' lang='lat' dir='ltr'>l</span> 
     </span>
     <span class='ocr_line' id='line_1_20' title="bbox 150 2123 1228 2210; baseline 0.005 -23"><span class='ocrx_word' id='word_1_138' title='bbox 150 2123 282 2187; x_wconf 88' lang='lat' dir='ltr'>caelesti</span> <span class='ocrx_word' id='word_1_139' title='bbox 310 2145 347 2188; x_wconf 89' lang='lat' dir='ltr'>ac</span> <span class='ocrx_word' id='word_1_140' title='bbox 375 2124 484 2190; x_wconf 87' lang='lat' dir='ltr'>divina</span> <span class='ocrx_word' id='word_1_141' title='bbox 510 2126 620 2210; x_wconf 87' lang='lat' dir='ltr'>domo,</span> <span class='ocrx_word' id='word_1_142' title='bbox 649 2126 705 2191; x_wconf 86' lang='lat' dir='ltr'>sed</span> <span class='ocrx_word' id='word_1_143' title='bbox 732 2127 831 2191; x_wconf 84' lang='lat' dir='ltr'>etiam</span> <span class='ocrx_word' id='word_1_144' title='bbox 854 2131 1011 2191; x_wconf 85' lang='lat' dir='ltr'>rectorem</span> <span class='ocrx_word' id='word_1_145' title='bbox 1034 2128 1068 2189; x_wconf 89' lang='lat' dir='ltr'>et</span> <span class='ocrx_word' id='word_1_146' title='bbox 1090 2147 1166 2192; x_wconf 88' lang='lat' dir='ltr'>mo·</span> <span class='ocrx_word' id='word_1_147' title='bbox 1227 2135 1228 2202; x_wconf 77' lang='lat' dir='ltr'>l</span> 
     </span>
     <span class='ocr_line' id='line_1_21' title="bbox 150 2203 1228 2298; baseline 0.006 -24"><span class='ocrx_word' id='word_1_148' title='bbox 150 2211 331 2275; x_wconf 90' lang='lat' dir='ltr'>deratorem</span> <span class='ocrx_word' id='word_1_149' title='bbox 359 2216 393 2276; x_wconf 91' lang='lat' dir='ltr'>et</span> <span class='ocrx_word' id='word_1_150' title='bbox 420 2215 588 2296; x_wconf 90' lang='lat' dir='ltr'>tamquam</span> <span class='ocrx_word' id='word_1_151' title='bbox 611 2213 824 2281; x_wconf 87' lang='lat' dir='ltr'>architectum</span> <span class='ocrx_word' id='word_1_152' title='bbox 846 2215 930 2278; x_wconf 92' lang='lat' dir='ltr'>tanti</span> <span class='ocrx_word' id='word_1_153' title='bbox 953 2213 1062 2298; x_wconf 88' lang='lat' dir='ltr'>operis</span> <span class='ocrx_word' id='word_1_154' title='bbox 1086 2216 1202 2279; x_wconf 69' lang='lat' dir='ltr'>tan-²⁰</span> <span class='ocrx_word' id='word_1_155' title='bbox 1227 2203 1228 2292; x_wconf 77' lang='lat' dir='ltr'>l</span> 
     </span>
    </p>

    <p class='ocr_par' dir='ltr' id='par_1_10' title="bbox 97 2299 1228 2562">
     <span class='ocr_line' id='line_1_22' title="bbox 97 2299 1228 2387; baseline 0.008 -26"><span class='ocrx_word' id='word_1_156' title='bbox 97 2309 140 2375; x_wconf 82' lang='grc'>36</span> <span class='ocrx_word' id='word_1_157' title='bbox 150 2300 240 2382; x_wconf 90' lang='lat' dir='ltr'>tique</span> <span class='ocrx_word' id='word_1_158' title='bbox 268 2300 417 2364; x_wconf 87' lang='lat' dir='ltr'>muneris.</span> <span class='ocrx_word' id='word_1_159' title='bbox 462 2299 558 2367; x_wconf 88' lang='lat' dir='ltr'>Nunc</span> <span class='ocrx_word' id='word_1_160' title='bbox 584 2305 693 2367; x_wconf 89' lang='lat' dir='ltr'>autem</span> <span class='ocrx_word' id='word_1_161' title='bbox 715 2303 798 2367; x_wconf 90' lang='lat' dir='ltr'>mihi</span> <span class='ocrx_word' id='word_1_162' title='bbox 819 2302 968 2367; x_wconf 79' lang='lat' dir='ltr'>ridentur</span> <span class='ocrx_word' id='word_1_163' title='bbox 989 2323 1032 2366; x_wconf 91' lang='lat' dir='ltr'>ne</span> <span class='ocrx_word' id='word_1_164' title='bbox 1054 2304 1165 2387; x_wconf 85' lang='lat' dir='ltr'>suspi-</span> <span class='ocrx_word' id='word_1_165' title='bbox 1227 2303 1228 2370; x_wconf 64' lang='lat' dir='ltr'>l</span> 
     </span>
     <span class='ocr_line' id='line_1_23' title="bbox 150 2386 1166 2472; baseline 0.006 -22"><span class='ocrx_word' id='word_1_166' title='bbox 150 2386 217 2451; x_wconf 88' lang='lat' dir='ltr'>cari</span> <span class='ocrx_word' id='word_1_167' title='bbox 235 2387 373 2472; x_wconf 91' lang='lat' dir='ltr'>quidem,</span> <span class='ocrx_word' id='word_1_168' title='bbox 392 2392 514 2472; x_wconf 89' lang='lat' dir='ltr'>quanta</span> <span class='ocrx_word' id='word_1_169' title='bbox 533 2389 577 2454; x_wconf 92' lang='lat' dir='ltr'>sit</span> <span class='ocrx_word' id='word_1_170' title='bbox 594 2390 830 2456; x_wconf 86' lang='lat' dir='ltr'>admirabilitas</span> <span class='ocrx_word' id='word_1_171' title='bbox 845 2388 1035 2456; x_wconf 87' lang='lat' dir='ltr'>caelestium</span> <span class='ocrx_word' id='word_1_172' title='bbox 1048 2411 1166 2456; x_wconf 87' lang='lat' dir='ltr'>rerum</span> 
     </span>
     <span class='ocr_line' id='line_1_24' title="bbox 152 2477 1228 2562; baseline 0.004 -23"><span class='ocrx_word' id='word_1_173' title='bbox 152 2479 248 2557; x_wconf 88' lang='lat' dir='ltr'>atque</span> <span class='ocrx_word' id='word_1_174' title='bbox 270 2477 482 2541; x_wconf 84' lang='lat' dir='ltr'>terrestrium.</span> <span class='ocrx_word' id='word_1_175' title='bbox 1227 2521 1228 2562; x_wconf 78' lang='lat'>3</span> 
     </span>
    </p>

    <p class='ocr_par' dir='ltr' id='par_1_11' title="bbox 98 2561 1228 3264">
     <span class='ocr_line' id='line_1_25' title="bbox 98 2561 1165 2651; baseline 0.009 -27"><span class='ocrx_word' id='word_1_176' title='bbox 98 2575 130 2624; x_wconf 80' lang='lat'>91</span> <span class='ocrx_word' id='word_1_177' title='bbox 216 2561 380 2649; x_wconf 89' lang='lat' dir='ltr'>Principio</span> <span class='ocrx_word' id='word_1_178' title='bbox 411 2565 497 2629; x_wconf 89' lang='lat' dir='ltr'>enim</span> <span class='ocrx_word' id='word_1_179' title='bbox 524 2569 613 2630; x_wconf 88' lang='lat' dir='ltr'>terra</span> <span class='ocrx_word' id='word_1_180' title='bbox 640 2566 705 2632; x_wconf 88' lang='lat' dir='ltr'>sita</span> <span class='ocrx_word' id='word_1_181' title='bbox 730 2567 767 2630; x_wconf 91' lang='lat' dir='ltr'>in</span> <span class='ocrx_word' id='word_1_182' title='bbox 793 2567 901 2632; x_wconf 90' lang='lat' dir='ltr'>media</span> <span class='ocrx_word' id='word_1_183' title='bbox 926 2569 1019 2651; x_wconf 87' lang='lat' dir='ltr'>parte</span> <span class='ocrx_word' id='word_1_184' title='bbox 1045 2567 1165 2631; x_wconf 90' lang='lat' dir='ltr'>mundi</span> 
     </span>
     <span class='ocr_line' id='line_1_26' title="bbox 151 2641 1228 2738; baseline 0.004 -23"><span class='ocrx_word' id='word_1_185' title='bbox 151 2650 345 2717; x_wconf 83' lang='lat' dir='ltr'>circumfusa</span> <span class='ocrx_word' id='word_1_186' title='bbox 374 2653 514 2736; x_wconf 90' lang='lat' dir='ltr'>undique</span> <span class='ocrx_word' id='word_1_187' title='bbox 542 2658 594 2719; x_wconf 85' lang='lat' dir='ltr'>est</span> <span class='ocrx_word' id='word_1_188' title='bbox 619 2653 681 2720; x_wconf 89' lang='lat' dir='ltr'>hac</span> <span class='ocrx_word' id='word_1_189' title='bbox 698 2653 844 2724; x_wconf 57' lang='lat' dir='ltr'>,animali</span> <span class='ocrx_word' id='word_1_190' title='bbox 868 2655 1079 2738; x_wconf 86' lang='lat' dir='ltr'>spirabilique</span> <span class='ocrx_word' id='word_1_191' title='bbox 1102 2675 1163 2719; x_wconf 91' lang='lat' dir='ltr'>na·</span> <span class='ocrx_word' id='word_1_192' title='bbox 1177 2668 1201 2711; x_wconf 77' lang='lat'>2⁵</span> <span class='ocrx_word' id='word_1_193' title='bbox 1227 2641 1228 2706; x_wconf 67' lang='lat' dir='ltr'>l</span> 
     </span>
     <span class='ocr_line' id='line_1_27' title="bbox 150 2739 1228 2826; baseline 0.006 -25"><span class='ocrx_word' id='word_1_194' title='bbox 150 2741 237 2819; x_wconf 90' lang='lat' dir='ltr'>tura,</span> <span class='ocrx_word' id='word_1_195' title='bbox 264 2739 315 2803; x_wconf 88' lang='lat' dir='ltr'>cui</span> <span class='ocrx_word' id='word_1_196' title='bbox 337 2762 456 2807; x_wconf 89' lang='lat' dir='ltr'>nomen</span> <span class='ocrx_word' id='word_1_197' title='bbox 479 2745 529 2806; x_wconf 90' lang='lat' dir='ltr'>est</span> <span class='ocrx_word' id='word_1_198' title='bbox 552 2747 620 2825; x_wconf 73' lang='lat' dir='ltr'>atr,</span> <span class='ocrx_word' id='word_1_199' title='bbox 644 2741 803 2807; x_wconf 82' lang='lat' dir='ltr'>Graecum</span> <span class='ocrx_word' id='word_1_200' title='bbox 826 2741 906 2807; x_wconf 90' lang='lat' dir='ltr'>illud</span> <span class='ocrx_word' id='word_1_201' title='bbox 929 2743 1072 2826; x_wconf 89' lang='lat' dir='ltr'>quidem,</span> <span class='ocrx_word' id='word_1_202' title='bbox 1101 2744 1164 2808; x_wconf 85' lang='lat' dir='ltr'>sed</span> <span class='ocrx_word' id='word_1_203' title='bbox 1227 2757 1228 2782; x_wconf 38' lang='lat' dir='ltr'>l</span> 
     </span>
     <span class='ocr_line' id='line_1_28' title="bbox 150 2829 1165 2914; baseline 0.008 -27"><span class='ocrx_word' id='word_1_204' title='bbox 150 2829 338 2909; x_wconf 90' lang='lat' dir='ltr'>perceptum</span> <span class='ocrx_word' id='word_1_205' title='bbox 361 2829 427 2893; x_wconf 90' lang='lat' dir='ltr'>iam</span> <span class='ocrx_word' id='word_1_206' title='bbox 449 2833 560 2894; x_wconf 88' lang='lat' dir='ltr'>tamen</span> <span class='ocrx_word' id='word_1_207' title='bbox 582 2851 643 2895; x_wconf 91' lang='lat' dir='ltr'>usu</span> <span class='ocrx_word' id='word_1_208' title='bbox 666 2853 686 2894; x_wconf 90' lang='lat' dir='ltr'>a</span> <span class='ocrx_word' id='word_1_209' title='bbox 707 2831 843 2914; x_wconf 71' lang='lat' dir='ltr'>nostris,</span> <span class='ocrx_word' id='word_1_210' title='bbox 866 2831 980 2894; x_wconf 91' lang='lat' dir='ltr'>tritum</span> <span class='ocrx_word' id='word_1_211' title='bbox 1002 2835 1054 2894; x_wconf 88' lang='lat' dir='ltr'>est</span> <span class='ocrx_word' id='word_1_212' title='bbox 1072 2831 1165 2896; x_wconf 89' lang='lat' dir='ltr'>enim</span> 
     </span>
     <span class='ocr_line' id='line_1_29' title="bbox 150 2911 1164 3002; baseline 0.009 -28"><span class='ocrx_word' id='word_1_213' title='bbox 150 2933 210 2996; x_wconf 92' lang='lat' dir='ltr'>pro</span> <span class='ocrx_word' id='word_1_214' title='bbox 228 2911 354 2977; x_wconf 87' lang='lat' dir='ltr'>Latino.</span> <span class='ocrx_word' id='word_1_215' title='bbox 386 2914 482 2981; x_wconf 92' lang='lat' dir='ltr'>Hunc</span> <span class='ocrx_word' id='word_1_216' title='bbox 499 2939 609 2982; x_wconf 87' lang='lat' dir='ltr'>rursus</span> <span class='ocrx_word' id='word_1_217' title='bbox 629 2919 837 3000; x_wconf 90' lang='lat' dir='ltr'>amplectitur</span> <span class='ocrx_word' id='word_1_218' title='bbox 855 2919 1020 2983; x_wconf 83' lang='lat' dir='ltr'>inmensus</span> <span class='ocrx_word' id='word_1_219' title='bbox 1036 2918 1164 3002; x_wconf 88' lang='lat' dir='ltr'>aether,</span> 
     </span>
     <span class='ocr_line' id='line_1_30' title="bbox 152 2999 1228 3090; baseline 0.01 -28"><span class='ocrx_word' id='word_1_220' title='bbox 152 2999 207 3082; x_wconf 92' lang='lat' dir='ltr'>qui</span> <span class='ocrx_word' id='word_1_221' title='bbox 230 3003 359 3064; x_wconf 90' lang='lat' dir='ltr'>constat</span> <span class='ocrx_word' id='word_1_222' title='bbox 378 3023 417 3066; x_wconf 88' lang='lat' dir='ltr'>ex</span> <span class='ocrx_word' id='word_1_223' title='bbox 435 3004 602 3069; x_wconf 83' lang='lat' dir='ltr'>altrssrmrs</span> <span class='ocrx_word' id='word_1_224' title='bbox 621 3006 761 3090; x_wconf 78' lang='lat' dir='ltr'>ignibus.</span> <span class='ocrx_word' id='word_1_225' title='bbox 797 3005 983 3072; x_wconf 88' lang='lat' dir='ltr'>Mutuemur</span> <span class='ocrx_word' id='word_1_226' title='bbox 1000 3006 1063 3071; x_wconf 91' lang='lat' dir='ltr'>boc</span> <span class='ocrx_word' id='word_1_227' title='bbox 1083 3028 1164 3090; x_wconf 93' lang='lat' dir='ltr'>quo·</span> <span class='ocrx_word' id='word_1_228' title='bbox 1227 3057 1228 3064; x_wconf 17' lang='grc' dir='ltr'><strong>κ</strong></span> 
     </span>
     <span class='ocr_line' id='line_1_31' title="bbox 152 3088 1228 3179; baseline 0.008 -28"><span class='ocrx_word' id='word_1_229' title='bbox 152 3107 213 3170; x_wconf 91' lang='lat' dir='ltr'>que</span> <span class='ocrx_word' id='word_1_230' title='bbox 241 3088 388 3171; x_wconf 80' lang='lat' dir='ltr'>verbum,</span> <span class='ocrx_word' id='word_1_231' title='bbox 416 3090 603 3175; x_wconf 87' lang='lat' dir='ltr'>dicaturque</span> <span class='ocrx_word' id='word_1_232' title='bbox 631 3097 700 3157; x_wconf 88' lang='lat' dir='ltr'>tam</span> <span class='ocrx_word' id='word_1_233' title='bbox 730 3092 873 3159; x_wconf 72' lang='lat' dir='ltr'>‘aether’</span> <span class='ocrx_word' id='word_1_234' title='bbox 903 3093 1032 3178; x_wconf 88' lang='lat' dir='ltr'>Latine,</span> <span class='ocrx_word' id='word_1_235' title='bbox 1060 3114 1164 3179; x_wconf 89' lang='lat' dir='ltr'>quam</span> <span class='ocrx_word' id='word_1_236' title='bbox 1177 3109 1200 3152; x_wconf 75' lang='lat'>³⁰</span> <span class='ocrx_word' id='word_1_237' title='bbox 1227 3093 1228 3150; x_wconf 67' lang='grc' dir='ltr'>ἶ</span> 
     </span>
     <span class='ocr_line' id='line_1_32' title="bbox 152 3173 1228 3264; baseline 0.011 -25"><span class='ocrx_word' id='word_1_238' title='bbox 152 3173 269 3240; x_wconf 89' lang='lat' dir='ltr'>dicitur</span> <span class='ocrx_word' id='word_1_239' title='bbox 292 3181 356 3261; x_wconf 72' lang='lat' dir='ltr'>air,</span> <span class='ocrx_word' id='word_1_240' title='bbox 380 3177 442 3242; x_wconf 87' lang='lat' dir='ltr'>etsi</span> <span class='ocrx_word' id='word_1_241' title='bbox 464 3177 697 3264; x_wconf 88' lang='lat' dir='ltr'>interpretatur</span> <span class='ocrx_word' id='word_1_242' title='bbox 719 3179 896 3247; x_wconf 85' lang='lat' dir='ltr'>Pacuvius:</span> <span class='ocrx_word' id='word_1_243' title='bbox 1012 3196 1015 3200; x_wconf 83' lang='grc'><strong>’</strong></span> <span class='ocrx_word' id='word_1_244' title='bbox 1227 3173 1228 3264; x_wconf 81' lang='lat' dir='ltr'>l</span> 
     </span>
    </p>

    <p class='ocr_par' dir='ltr' id='par_1_12' title="bbox 216 3278 1228 3461">
     <span class='ocr_line' id='line_1_33' title="bbox 216 3278 1228 3372; baseline 0.011 -28"><span class='ocrx_word' id='word_1_245' title='bbox 216 3278 311 3364; x_wconf 77' lang='lat' dir='ltr'>Hoc,</span> <span class='ocrx_word' id='word_1_246' title='bbox 343 3280 442 3364; x_wconf 91' lang='lat' dir='ltr'>quod</span> <span class='ocrx_word' id='word_1_247' title='bbox 473 3303 654 3369; x_wconf 92' lang='lat' dir='ltr'>memoro,</span> <span class='ocrx_word' id='word_1_248' title='bbox 688 3287 818 3350; x_wconf 84' lang='lat' dir='ltr'>ndstri</span> <span class='ocrx_word' id='word_1_249' title='bbox 850 3289 1014 3372; x_wconf 87' lang='lat' dir='ltr'>caelum,</span> <span class='ocrx_word' id='word_1_250' title='bbox 1050 3286 1163 3354; x_wconf 73' lang='lat' dir='ltr'>Graii</span> <span class='ocrx_word' id='word_1_251' title='bbox 1227 3287 1228 3336; x_wconf 64' lang='grc' dir='ltr'>ἶ</span> 
     </span>
     <span class='ocr_line' id='line_1_34' title="bbox 731 3375 1228 3461; baseline 0.006 -22"><span class='ocrx_word' id='word_1_252' title='bbox 731 3375 942 3458; x_wconf 90' lang='lat' dir='ltr'>perhibent</span> <span class='ocrx_word' id='word_1_253' title='bbox 965 3376 1143 3461; x_wconf 75' lang='lat' dir='ltr'>aethera3</span> <span class='ocrx_word' id='word_1_254' title='bbox 1227 3391 1228 3398; x_wconf 75' lang='grc'>’</span> 
     </span>
    </p>
   </div>
   <div class='ocr_carea' id='block_1_6' title="bbox 153 3471 1163 3565">
    <p class='ocr_par' dir='ltr' id='par_1_13' title="bbox 153 3471 1163 3565">
     <span class='ocr_line' id='line_1_35' title="bbox 153 3471 1163 3565; baseline 0.011 -29"><span class='ocrx_word' id='word_1_255' title='bbox 153 3471 247 3544; x_wconf 81' lang='lat' dir='ltr'>quasi</span> <span class='ocrx_word' id='word_1_256' title='bbox 270 3493 347 3538; x_wconf 85' lang='lat' dir='ltr'>vero</span> <span class='ocrx_word' id='word_1_257' title='bbox 370 3494 436 3538; x_wconf 87' lang='lat' dir='ltr'>non</span> <span class='ocrx_word' id='word_1_258' title='bbox 450 3472 567 3541; x_wconf 80' lang='lat' dir='ltr'>Graius</span> <span class='ocrx_word' id='word_1_259' title='bbox 590 3475 652 3542; x_wconf 87' lang='lat' dir='ltr'>hoc</span> <span class='ocrx_word' id='word_1_260' title='bbox 674 3476 768 3542; x_wconf 91' lang='lat' dir='ltr'>dicat.</span> <span class='ocrx_word' id='word_1_261' title='bbox 804 3480 851 3544; x_wconf 90' lang='lat' dir='ltr'>At</span> <span class='ocrx_word' id='word_1_262' title='bbox 869 3479 984 3546; x_wconf 89' lang='lat' dir='ltr'>Latine</span> <span class='ocrx_word' id='word_1_263' title='bbox 1007 3482 1163 3565; x_wconf 86' lang='lat' dir='ltr'>loquitur.</span> 
     </span>
    </p>
   </div>
   <div class='ocr_carea' id='block_1_7' title="bbox 0 0 1256 3936">
    <p class='ocr_par' dir='ltr' id='par_1_14' title="bbox 0 0 1256 3936">
     <span class='ocr_line' id='line_1_36' title="bbox 0 0 1256 3936; baseline 0 0"><span class='ocrx_word' id='word_1_264' title='bbox 0 0 1256 3936; x_wconf 95' lang='lat' dir='ltr'> </span> 
     </span>
    </p>
   </div>
  </div>
 </body>
</html>
