2510 3936
163 166 229 230 432
558 163 607 230 DE
625 163 780 220 LEGIBUS

162 309 245 364 taret.
283 305 372 372 Quam
398 305 433 361 ob
458 321 518 360 rem
539 305 754 376 discriptionem
775 304 994 375 magistratuum
1014 303 1178 359 Romanam

154 377 280 432 'retinuit
304 393 355 432 nee
380 375 500 431 multum
525 375 622 430 attulit
644 375 719 430 novi.
757 373 960 446 Explicationis
983 391 1089 444 magna
1108 391 1175 446 pars

162 448 285 515 interiit,
308 448 338 502 in
362 463 395 502 ea
418 449 525 515 autem,
549 463 620 515 quae
638 447 756 512 mansit,
779 445 909 516 egregiae
928 447 958 500 et
976 446 1120 515 sapientes
1140 447 1175 500 de

163 519 353 589 legationibus
371 517 476 584 liberis,
495 517 530 572 de
547 518 690 587 potestate
708 515 869 584 tribunicia,
889 516 924 572 de
943 518 1057 572 senatus
1072 517 1177 572 sancti·

62 597 65 604 '
162 591 222 644 tate
242 591 271 644 et
287 587 460 658 integritate,
480 588 514 644 de
533 588 643 658 legibus
661 587 819 644 tabellariis
838 589 892 644 sto.
911 586 1118 656 disputationes
1133 605 1176 642 re-

162 659 316 732 periuntur.
349 661 383 714 In
401 658 723 730 epilogosignifieantur
737 659 880 728 librorum,
900 657 1176 730 quiintereiderunt,

151 729 393 800 .consequentium
411 729 570 784 summaria.

722 879 773 888 ---·-

132 985 145 1111 ξ
230 1018 369 1086 Maurus.
393 1015 517 1101 Sequar
539 1015 654 1102 igitur,
682 1018 719 1080 ut
741 1015 884 1100 institui,
912 1013 1058 1082 divinum
1079 1016 1176 1082 illum

164 1106 283 1190 virum,
311 1128 407 1190 quem
437 1105 581 1188 quadam.
603 1103 817 1171 admiratione
840 1107 1021 1170 commotus
1043 1105 1175 1190 saepius

163 1195 304 1260 fortasse
326 1193 433 1278 laudo,
457 1214 554 1276 quam
577 1207 706 1258 neeesse
730 1195 789 1258 est.
834 1193 910 1260 Arr.
932 1191 1108 1258 Platonem
1131 1192 1175 1258 vi-

165 1283 281 1348 delicet
304 1282 392 1347 dieis.
432 1281 480 1348 M.
501 1280 609 1344 Istum
632 1281 748 1365 ipsum,
772 1279 891 1347 Attice.
928 1281 1005 1348 Ara
1028 1281 1079 1348 Tu
1097 1304 1174 1347 vero

164 1391 238 1435 eum
265 1391 324 1433 nee
349 1369 447 1434 nimis
475 1368 570 1434 valde
597 1391 753 1453 umquam
779 1389 839 1436 nee
864 1369 963 1434 nimis
986 1392 1084 1455 saepe
1108 1371 1203 1436 lau-⁵

165 1457 306 1543 daveris3
328 1477 405 1521 nam
428 1457 491 1522 hoo
513 1457 595 1525 mihi
614 1457 713 1524 etiam
731 1459 838 1523 nostri
855 1458 914 1542 illi,
938 1457 994 1542 qui
1011 1459 1175 1524 neminem

91 1604 100 1623 ,
163 1545 228 1612 nisi
247 1567 342 1612 suum
360 1545 487 1611 laudari
505 1546 630 1631 volunt,
652 1547 842 1631 concedunt,
863 1550 901 1612 ut
919 1569 992 1614 eum
1011 1547 1176 1614 arbitratu

164 1657 235 1701 meo
268 1634 413 1720 diligam.
462 1634 511 1700 M.
533 1633 628 1699 Bene
658 1635 766 1701 hercle
795 1634 928 1700 faciunt.
973 1634 1058 1711 Quid
1089 1637 1175 1700 enim

164 1727 215 1789 est
238 1723 402 1808 elegantia
424 1726 482 1788 tua
500 1722 652 1808 dignius?
677 1724 766 1790 euius
786 1727 820 1788 et
838 1724 907 1788 vita
924 1727 958 1788 et
976 1724 1082 1790 oratio
1103 1747 1176 1789 eon-

165 1815 275 1878 seeuta
294 1810 375 1876 mihi
392 1811 520 1876 videtur
540 1811 768 1878 difficillimam
785 1813 879 1878 illam
894 1813 1087 1878 serietatem
1104 1831 1216 1898 gra-1⁰

163 1900 277 1965 vitatis
305 1920 379 1965 eum
400 1900 613 1966 humanitate.
645 1901 733 1966 Ara
758 1898 842 1966 Sane
865 1901 1005 1987 gaudeo,
1032 1902 1120 1986 quod
1143 1906 1176 1966 te

163 1989 384 2073 interpellavi,
417 1989 571 2072 quoniam
603 1989 731 2074 quidem
762 1992 832 2059 tam
861 1990 1065 2074 praeclarum
1093 1990 1176 2054 milri

165 2075 282 2140 dedisti
309 2077 419 2141 iudicii
441 2077 491 2141 tui
512 2077 744 2142 testimonium.
787 2076 849 2142 Sed
872 2089 981 2163 perge,
1004 2082 1041 2142 ut
1064 2100 1176 2163 eoepe-

129 2172 227 2228 2ras.
263 2164 311 2227 M.
334 2163 516 2228 Laudemus
539 2165 642 2250 igitur
664 2163 754 2249 prius
778 2166 885 2252 legem
908 2165 1014 2252 ipsam
1036 2167 1123 2232 veris
1143 2171 1176 2231 et

165 2249 458 2404 Empffissseneffl,
474 2252 525 2316 sui
541 2252 702 2404 witin&
734 2253 811 2320 Arr.
825 2251 909 2319 Sane
927 2255 1067 2339 quidem,
1092 2255 1176 2321 sieut
1190 2271 1215 2311 1⁵

187 2360 287 2403 erer
312 2361 423 2404 ionum
460 2361 518 2404 ee
557 2363 621 2405 ears
640 2363 659 2404 1.

230 2360 428 2492 MgVidetis
456 2361 559 2513 iggitur
586 2429 800 2514 magistratus
827 2430 912 2496 haue
935 2452 1006 2496 esse
1029 2431 1110 2516 vim,
1137 2436 1174 2497 ut

163 2515 287 2600 praesit
305 2517 569 2602 praesentatque
588 2521 677 2582 reeta
696 2522 729 2583 et
747 2517 843 2584 utilia
861 2523 894 2584 et
913 2520 1084 2585 coniuncta
1100 2543 1173 2586 eum

163 2602 301 2689 legibus.
350 2601 398 2668 Ut
434 2604 520 2670 enim
551 2605 799 2691 magistratibus
831 2607 934 2693 leges,
970 2608 1020 2674 ita
1051 2610 1173 2695 populo

163 2695 319 2775 praesunt
348 2693 576 2779 magistratus,
606 2714 744 2778 vereque
773 2694 839 2760 diei
863 2700 973 2781 potest
1001 2697 1173 2783 magistra·
1187 2713 1213 2753 ²⁰

163 2782 235 2843 tum
258 2779 365 2864 legem
388 2803 458 2845 esse
481 2781 677 2865 loquentem,
700 2783 807 2868 legem
831 2788 939 2849 autem
962 2789 1090 2850 mutum
1109 2809 1174 2851 ma·

129 2866 350 2950 agistratum.
395 2867 488 2932 Nihil
516 2892 613 2954 porro
643 2873 713 2936 tam
741 2874 855 2955 aptum
883 2877 932 2938 est
960 2873 1001 2938 ad
1027 2874 1077 2938 ius
1102 2897 1174 2940 eon-

164 2953 385 3037 dieionemque
412 2960 548 3022 naturae
576 2956 677 3043 (quod
704 2980 803 3044 quom
831 2960 914 3045 dieo,
941 2962 1050 3048 legem
1080 2985 1101 3027 a
1123 2985 1173 3028 me

164 3040 227 3105 diei
249 3040 399 3127 intellegi
421 3043 511 3130 volo)
535 3066 632 3129 quam
655 3047 840 3133 imperium,
864 3049 932 3114 sine
956 3071 1019 3134 quo
1042 3072 1103 3115 nee
1122 3052 1175 3117 do

163 3149 236 3194 mus
266 3129 334 3194 ulla
362 3151 422 3195 nee
449 3132 563 3198 civitas
589 3155 649 3200 nee
672 3156 752 3221 gens
774 3157 835 3202 nee
857 3137 1025 3204 hominum
1048 3140 1175 3205 univer-
1188 3157 1214 3197 2⁵

164 3237 236 3281 sum
270 3238 371 3303 genus
404 3223 491 3284 stare
520 3243 579 3286 nee
605 3245 713 3288 rerum
739 3228 859 3292 natura
886 3226 990 3292 omnis
1018 3249 1078 3293 neo
1104 3229 1174 3313 ipse
1244 3269 1245 3304 3

163 3304 301 3370 mundns
321 3310 443 3392 potest3
461 3330 538 3376 nam
557 3313 590 3374 et
604 3311 657 3376 hie
671 3312 729 3377 deo
743 3318 848 3399 paret,
863 3318 895 3379 et
908 3315 983 3380 huie
998 3316 1175 3382 oboediunt

164 3393 267 3458 maria
299 3397 482 3480 terraeque,
517 3401 549 3462 et
578 3398 746 3464 hominum
777 3401 847 3467 vita
876 3403 972 3468 iussis
1003 3426 1174 3490 supremae

123 3456 246 3576 {legis
271 3481 484 3567 obtemperat.
521 3484 630 3570 Atque
653 3491 690 3552 ut
713 3488 754 3554 ad
776 3489 858 3557 haee
875 3491 1027 3559 citeriora
1045 3494 1176 3560 veniam
1244 3541 1245 3570 ,
