2478 3936
176 159 240 223 100
491 155 541 210 uu
558 154 711 208 rurum
731 153 884 208 uuonuu

174 302 309 368 scientia
338 299 541 386 intellegitur
567 322 665 384 quam
691 299 759 364 rim
785 299 907 364 habeat
933 298 1101 384 qualisque
1127 299 1180 382 sit,

174 413 238 474 qua
272 411 314 454 ne
348 389 384 454 in
419 388 478 453 deo
515 388 644 472 quidem
680 391 731 452 est
764 409 818 452 res
848 388 920 452 ulle
949 388 1181 472 praestantior.

174 478 303 554 Quanta
323 498 400 543 vero
422 477 483 541 illa
505 480 590 560 sunt,
612 498 695 560 quae
717 497 776 542 vos
796 475 982 540 Academici
1004 474 1181 540 infirmetis

174 570 208 631 et
228 565 361 648 tollitis,
384 565 470 649 quod
493 569 526 629 et
548 565 697 629 sensibus
719 567 753 628 et
775 565 884 628 animo
907 585 958 648 ea,
982 585 1066 648 quae
1090 569 1182 630 extra

122 667 174 716 148
188 657 279 737 sunt,
320 653 514 739 percipimus
551 656 649 736 atque
684 651 946 737 conprendimus!
987 673 1027 716 ex
1064 654 1181 738 quibus
1207 671 1219 712 s

173 741 311 808 conlatis
333 741 420 806 inter
441 763 476 806 se
498 744 532 806 et
554 741 738 826 conparatis
760 745 849 806 artes
872 762 1000 825 quoque
1022 740 1182 808 efficimus

172 831 293 916 partim
316 829 357 894 ad
374 850 469 896 usum
486 829 583 912 ritae,
604 830 727 913 partim
745 829 786 893 ad
804 829 1057 895 oblectationem
1075 852 1183 896 neees-

173 919 285 984 serias.
319 916 391 983 Iam
412 939 489 984 vero
512 917 643 982 domina
663 939 781 1000 rerum,
803 921 841 980 ut
857 939 916 983 vos
935 917 1049 982 soletis
1069 918 1184 1002 dicere,

173 1007 344 1092 eloquendi
374 1005 438 1091 vis,
469 1027 567 1089 quarn
598 1009 649 1070 est
679 1006 846 1091 praeclara
868 1027 1030 1090 quamque
1059 1006 1183 1072 divina!
1228 1073 1229 1076 ,

172 1117 254 1180 quae
271 1096 413 1180 primum
431 1093 541 1176 efficit,
562 1097 600 1158 ut
617 1097 652 1158 et
669 1115 716 1176 ea,
740 1116 822 1177 quae
840 1094 1039 1179 ignoramus,
1059 1095 1182 1160 discere
1196 1113 1218 1152 ιο

173 1188 207 1248 et
239 1204 289 1265 ea,
321 1204 403 1266 quae
435 1182 566 1266 scimus,
598 1182 680 1248 alios
712 1181 826 1246 docere
854 1182 1031 1267 possimus;
1070 1183 1183 1248 deinde

172 1271 235 1335 hac
266 1269 486 1352 cohortamur,
514 1269 576 1334 hae
606 1269 851 1354 persuademus,
882 1271 945 1336 hac
974 1272 1183 1337 consolemur
1228 1279 1229 1282 ’

174 1357 322 1441 afflictos,
343 1357 405 1422 hac
428 1357 612 1422 deducimus
634 1358 826 1443 perterritos
849 1380 868 1423 a
890 1359 1017 1442 timore,
1043 1360 1108 1427 hac
1132 1383 1183 1447 ge·
1228 1427 1229 1440 ,

174 1445 308 1510 stientes
340 1445 583 1530 conprimimus,
614 1446 677 1511 hac
709 1447 902 1532 cupiditates
934 1448 1183 1533 iracundiasque
1228 1461 1229 1470 ’

172 1533 411 1619 restinguimus,
433 1533 514 1598 haec
535 1555 596 1600 nos
617 1533 708 1618 iuris,
728 1535 849 1621 legum,
871 1535 1001 1600 urbium
1025 1537 1183 1602 societate
1196 1535 1229 1608 1⁵]

122 1635 173 1684 149
186 1621 337 1705 devinxit,
359 1621 440 1687 haec
462 1644 482 1686 a
504 1622 573 1687 vita
593 1622 717 1687 inmani
739 1627 773 1688 et
794 1623 864 1688 fera
887 1625 1083 1710 segregavit.
1132 1627 1181 1690 Ad
1228 1649 1229 1712 4

172 1731 267 1776 usum
298 1714 407 1774 autem
439 1710 596 1775 orationis
628 1711 817 1776 incredibile
849 1715 912 1796 est,
945 1712 975 1776 si
1006 1713 1183 1799 diligenter
1228 1739 1229 1794 3

173 1797 362 1881 attenderis
390 1803 513 1882 quanta
540 1820 639 1883 opera
665 1799 852 1865 machinata
872 1804 993 1866 natura
1006 1802 1068 1866 sit.
1115 1803 1183 1866 Pri·
1228 1827 1229 1838 ¹

172 1907 261 1951 mum
285 1885 369 1949 enim
393 1908 413 1950 a
429 1887 638 1970 pulmonibus
656 1887 777 1952 arteria
793 1910 895 1972 usque
913 1889 955 1954 ad
973 1911 1010 1954 os
1029 1890 1183 1956 intimum

172 1972 327 2058 pertinet,
355 1994 413 2058 per
446 1995 543 2056 quam
571 1996 635 2040 vox
660 1975 855 2059 principium
878 1998 898 2041 a
924 1981 1033 2041 mente
1062 1978 1182 2044 ducens
1195 1995 1229 2060 ²⁰}

172 2059 349 2145 percipitur
376 2065 409 2124 et
434 2060 594 2146 funditur3
623 2062 735 2128 deinde
761 2064 796 2127 in
823 2086 878 2129 ore
905 2065 970 2130 sita
992 2065 1110 2151 lingua
1135 2071 1183 2132 est
1228 2075 1229 2146 i

173 2147 267 2212 finita
289 2146 453 2232 dentibus3
476 2171 514 2215 ea
536 2171 648 2215 vocem
669 2151 870 2216 inmoderate
891 2153 1060 2237 profusam
1084 2155 1182 2241 fingit
1228 2161 1229 2216 ἒ

174 2239 206 2299 et
234 2235 388 2300 terminat
418 2240 515 2320 etque
545 2259 642 2304 sonos
671 2239 759 2304 vocis
790 2239 960 2306 distinctos
987 2246 1021 2306 et
1048 2265 1181 2326 pressos
1228 2229 1229 2306 l

173 2323 281 2407 efficit,
304 2344 377 2390 cum
399 2328 432 2388 et
455 2325 496 2389 ad
519 2325 630 2390 dentes
649 2330 682 2391 et
700 2326 742 2392 ad
760 2327 841 2392 alias
859 2334 970 2413 partes
988 2330 1086 2415 pellit
1106 2333 1181 2397 oris.
1228 2337 1229 2396 l

172 2410 287 2497 ltaque
314 2412 431 2496 plectri
458 2412 597 2478 similem
624 2414 770 2500 linguam
796 2417 901 2480 nostri
929 2419 1038 2483 solent
1066 2419 1229 2504 dicere,2⁵4

174 2499 367 2565 chordarum
393 2501 519 2585 dentes,
547 2523 642 2567 nares
665 2503 816 2568 cornibus
839 2504 897 2589 iis,
918 2506 974 2590 qui
997 2506 1039 2571 ad
1060 2529 1180 2575 nervos
1228 2519 1229 2594 ,

173 2591 325 2652 resonant
347 2588 383 2652 in
405 2589 561 2655 cantibus.

121 2653 166 2778 ff
239 2673 343 2750 Quam
369 2697 446 2742 vero
474 2681 567 2761 aptas
596 2699 755 2762 quamque
779 2682 955 2748 multarum
977 2683 1102 2750 artium
1125 2685 1181 2750 mi·
1228 2755 1229 2760 γ

156 2731 294 2826 ⁰nistres
317 2785 431 2828 manus
453 2766 571 2829 natura
592 2765 717 2831 homini
740 2767 840 2832 dedit!
880 2769 1071 2856 Digitorum
1095 2774 1180 2838 enim
1228 2779 1229 2854 g

173 2850 350 2914 contractio
381 2850 487 2917 facilis
514 2852 684 2939 facilisque
710 2858 871 2940 porrectio
898 2863 1033 2944 propter
1061 2862 1179 2927 molles
1192 2876 1229 2934 ³⁰,

174 2936 400 3002 commissuras
424 2943 457 3003 et
480 2944 570 3006 artus
593 2943 684 3007 nullo
707 2943 742 3007 in
764 2950 855 3010 motu
878 2947 1017 3013 laborat.
1063 2947 1180 3035 Itaque
1228 2941 1229 3000 ἶ

174 3022 214 3088 ed
236 3023 441 3108 pingendum,
464 3027 506 3090 ad
527 3028 723 3116 fingendum,
746 3032 788 3096 ad
806 3035 1023 3120 scalpendum,
1047 3037 1091 3101 ad
1112 3059 1181 3102 ner
1228 3029 1229 3090 Ῐ

172 3132 287 3176 vorum
315 3111 486 3177 eliciendos
514 3135 610 3182 sonos
638 3141 675 3184 ac
701 3120 857 3186 tibiarum
884 3127 963 3208 apta
989 3146 1106 3190 manus
1131 3129 1180 3190 est
1228 3119 1229 3192 l

173 3198 357 3264 admotione
385 3199 569 3285 digitorum.
614 3205 723 3290 Atque
744 3209 825 3274 haec
849 3212 1091 3298 oblectationis3
1121 3214 1180 3278 ille
1228 3205 1229 3234 ³

172 3287 385 3371 necessitatis,
411 3288 517 3355 cultus
541 3291 610 3358 dico
634 3316 788 3379 agrorum
811 3300 1095 3385 extructionesque
1116 3299 1229 3384 tec-³⁵}

173 3376 295 3458 torum,
322 3377 511 3460 tegumenta
538 3399 709 3464 corporum
735 3386 788 3449 vel
814 3389 906 3451 texta
932 3389 986 3453 vel
1015 3393 1091 3454 suta
1113 3412 1179 3454 om·
1228 3389 1229 3450 l

172 3481 310 3547 nemque
340 3461 497 3530 fabricam
525 3468 609 3532 aeris
637 3473 670 3534 et
696 3470 787 3556 fcrri3
820 3495 859 3538 ex
885 3497 949 3562 quo
976 3477 1181 3564 intellegitur
1228 3489 1229 3492 ’
