2510 3936
173 191 240 257 376
536 187 585 242 DE
604 187 653 240 RE
670 185 827 242 PUBLlCA

119 315 160 380 21
169 314 211 385 (7)
279 332 365 410 Quin
392 333 492 399 etiam
520 330 548 396 si
575 331 686 417 cupiat
708 331 816 415 proles
839 330 900 396 illa
921 331 1104 398 futurorum
1124 332 1176 396 bc

138 394 297 489 23minum
320 421 469 506 deinceps
492 419 605 484 laudes
627 420 723 484 unius
746 419 900 502 cuiusque
921 423 1074 486 nostrum
1091 443 1111 485 a
1126 442 1178 504 pa-

172 512 279 576 tribus
307 514 457 594 acceptas
484 507 625 594 posteris
648 508 797 592 prodere,
827 511 940 572 tamen
960 512 1097 594 propter
1117 509 1178 572 elu-
1239 549 1240 556 1

172 600 285 665 viones
307 598 556 682 exustionesque
579 600 750 680 terrarum,
773 617 855 680 quas
874 596 1018 661 accidere
1037 601 1179 682 tempore

173 691 261 755 certo
278 709 410 754 necesse
424 690 485 770 est,
501 707 568 751 non
581 685 678 751 modo
694 686 785 766 [nou]
801 688 977 769 aeternam,
991 685 1050 749 sed
1062 707 1103 750 ne
1118 684 1203 749 diu-⁵

172 780 303 842 turnam
319 775 448 861 quidem
463 774 602 861 gloriam
616 773 750 858 adsequi
762 795 946 858 possumus.
975 772 1061 849 Quid
1074 777 1180 840 autem

172 865 309 931 interest
331 865 374 931 ab
396 865 451 948 iis,
479 863 534 947 qui
556 866 673 947 postea
695 866 881 947 nascentur,
909 883 1094 928 sermonem
1115 862 1182 928 fore
1240 838 1241 928 l

120 954 213 1074 22111
240 957 287 1040 te,
316 975 390 1019 cum
413 952 454 1017 ab
476 951 518 1016 iis
540 951 651 1016 nullus
673 951 786 1034 fuerit,
813 951 870 1035 qui
893 955 970 1016 ante
991 951 1065 1016 nati
1088 950 1182 1016 sung?
1240 929 1241 1006 ξ

120 1088 156 1137 24
175 1043 231 1126 qui
251 1063 311 1108 nee
332 1041 500 1126 pauciores
524 1042 662 1104 atcerte
681 1039 832 1104 meliores
850 1039 982 1104 fuerunt
1000 1039 1074 1124 viri,
1097 1060 1183 1124 prae
1240 1073 1241 1084 ¹

174 1131 289 1196 sertim
317 1153 391 1196 cum
418 1128 504 1214 apud
532 1148 587 1193 eos
613 1128 718 1213 ipsos,
747 1149 767 1191 a
794 1127 912 1212 quibus
938 1127 1045 1192 audiri
1067 1131 1241 1193 nomeuu'

172 1223 323 1284 nostrum
345 1220 464 1302 potest,
485 1237 580 1281 nemo
603 1216 699 1281 unius
722 1215 798 1281 anui
820 1216 1013 1280 memoriam
1032 1216 1185 1300 consequi

173 1306 287 1391 possit.
314 1305 471 1370 Homines
490 1304 577 1368 enim
590 1303 792 1390 populariter
806 1325 928 1369 annum
941 1308 1076 1370 tantum
1090 1305 1183 1369 modo

175 1393 262 1476 solis,
284 1393 392 1458 idest
414 1393 510 1458 unius
529 1393 620 1476 astri,
642 1393 749 1457 reditu
767 1393 959 1475 metiuntur;
982 1415 1057 1457 cum
1077 1397 1184 1458 autem

175 1481 215 1546 ad
251 1481 352 1564 idem,
386 1481 471 1545 uude
509 1481 609 1547 semel
641 1481 788 1566 profecta
820 1485 910 1563 sunt,
946 1485 1064 1546 cuncta
1099 1485 1185 1546 astra

174 1569 329 1635 redierint
356 1569 553 1652 eandemque
576 1569 679 1635 totius
703 1569 785 1634 caeli
807 1569 1054 1654 discriptionem
1077 1570 1215 1656 longisss
1241 1619 1242 1624 1

172 1658 356 1722 intervallis
389 1657 588 1741 rettulerint,
619 1661 691 1722 tum
722 1658 779 1722 ille
810 1679 885 1723 vere
915 1661 1049 1723 vertens
1084 1680 1184 1724 annus

175 1747 335 1831 appellari
356 1749 479 1830 potest3
501 1745 536 1812 in
558 1767 621 1829 quo
644 1746 699 1810 vix
718 1745 822 1811 dicere
840 1746 943 1811 audeo
962 1767 1063 1830 quam
1082 1749 1185 1813 multa

174 1834 342 1899 hominum
364 1834 492 1900 saecula
510 1836 690 1899 teneantur.
726 1833 876 1919 Namque
894 1838 932 1899 ut
950 1835 1032 1900 olim
1051 1834 1184 1901 deficere

175 1924 225 1988 sol
243 1923 430 1988 hominibus
449 1922 676 2007 exstinguique
695 1922 783 1987 visus
802 1927 863 2004 est,
884 1945 957 1988 cum
970 1922 1109 1989 Romuli
1123 1924 1184 1990 ani·

175 2033 247 2076 mus
274 2012 353 2076 haec
380 2012 453 2096 ipsa
478 2011 514 2075 in
540 2011 665 2094 templa
691 2011 888 2096 penetravit,
921 2011 1118 2095 quandoque
1145 2013 1216 2076 abu

176 2099 287 2164 eadem
314 2103 409 2182 parte
437 2100 487 2164 sol
513 2099 688 2182 eodemque
710 2103 858 2184 tempore
879 2099 1001 2164 iterum
1024 2100 1185 2182 defecerit,

175 2191 246 2250 tum
269 2187 372 2272 signis
394 2187 543 2252 omnibus
563 2187 605 2251 ad
622 2187 817 2273 principium
837 2187 1006 2271 stellisque
1023 2188 1184 2254 revocatis
1242 2187 1243 2214 ³

175 2274 340 2360 expletum
367 2297 488 2341 annum
511 2274 648 2359 babeto3
675 2275 764 2341 cuius
788 2275 918 2359 quidem
941 2275 1020 2340 anni
1041 2277 1185 2342 nondum

122 2417 143 2480 2
175 2363 362 2428 vicesimam
384 2367 513 2449 partem
537 2364 618 2430 scito
642 2385 714 2428 esse
737 2385 935 2430 conversam.

122 2421 165 2546 23⁹³
242 2451 398 2528 Quocirca
426 2452 454 2516 si
480 2451 620 2518 reditum
647 2453 683 2516 iu
709 2452 795 2518 hunc
820 2454 928 2519 locum
951 2452 1216 2538 desperaveris‚2⁵

174 2540 210 2605 in
243 2562 307 2625 quo
345 2540 455 2607 omnia
486 2543 562 2605 sunt
594 2541 723 2627 magnis
756 2544 788 2605 11
819 2540 1064 2626 praestantibus
1097 2542 1184 2623 viris,

176 2629 290 2712 quanti
317 2629 449 2694 tandem
477 2633 527 2694 cst
554 2628 620 2694 ista
641 2629 809 2694 homiuum
833 2629 953 2715 gloria,
980 2652 1063 2713 quae
1086 2629 1184 2715 perti·

174 2738 251 2781 nere
269 2717 324 2782 vix
342 2718 385 2782 ad
402 2717 496 2782 unius
515 2717 592 2782 anni
609 2721 738 2802 partem
757 2717 906 2802 exiguam
921 2719 1054 2803 potest?
1076 2716 1184 2804 Igitur

176 2804 242 2869 alte
266 2809 412 2890 spectare
436 2806 464 2870 si
485 2805 576 2870 voles
600 2809 698 2890 atque
720 2805 805 2871 banc
827 2806 936 2871 sedem
960 2809 993 2870 et
1015 2809 1183 2872 aeternam

176 2891 306 2956 domum
329 2893 484 2978 contueri,
506 2915 610 2978 neque
632 2897 666 2959 11
690 2893 893 2959 sermonibus
911 2894 1004 2980 vulgi
1022 2894 1181 2959 dedideris
1194 2908 1216 2947 ³⁰

175 2979 295 3044 necin
326 2981 478 3064 praemiis
504 2981 656 3046 humanis
685 3004 776 3067 spem
802 2982 949 3067 posueris
977 3004 1086 3047 rerum
1114 2986 1183 3048 tua·

175 3088 260 3152 rum3
288 3068 355 3133 suis
383 3073 416 3133 te
440 3073 571 3154 oportet
591 3071 761 3136 inlecebris
784 3071 857 3155 ipsa
879 3071 983 3136 virtus
1006 3071 1120 3136 trahat
1142 3069 1183 3134 ad

175 3178 288 3222 verum
311 3157 419 3241 decus,
448 3157 525 3240 quid
548 3157 586 3223 de
608 3161 642 3223 te
666 3158 723 3224 alii
745 3159 934 3242 loquantur,
956 3159 1020 3244 ipsi
1041 3159 1182 3240 videant,

176 3244 232 3307 sed
254 3245 429 3327 loquentur
450 3249 568 3310 tamen
606 3244 718 3312 Sermo
742 3251 850 3312 autem
874 3247 979 3311 omnis
1001 3247 1058 3312 ille
1076 3251 1110 3312 et
1128 3268 1182 3311 an-

176 3331 293 3414 gustiis
312 3331 455 3416 cingitur
472 3331 513 3396 iis
532 3333 709 3418 regionum,
732 3355 813 3418 quas
831 3335 930 3417 vides,
951 3355 1011 3402 nec
1027 3355 1181 3418 umquam
1192 3344 1217 3385 ³⁵

175 3415 214 3478 de
236 3416 305 3480 ullo
329 3418 478 3501 perennis
501 3417 565 3482 fuit
587 3425 620 3484 et
644 3422 792 3486 obruitur
809 3422 979 3488 hominum
996 3422 1130 3488 interitu
1148 3425 1181 3485 et

176 3501 338 3566 oblivione
360 3505 565 3587 posteritatis
589 3509 798 3593 extinguitur.
