2458 3934
138 129 202 196 108
448 127 839 184 nnuuruanouonun

100 235 118 360 ξ
205 273 293 350 Quae
323 295 396 339 cum
425 272 549 338 Balbus
582 272 729 357 dixisset,
760 277 830 339 tum
864 272 1013 338 adridens
1036 270 1159 338 Cotta:

139 360 232 447 Sero,
259 360 379 446 inquit,
406 360 500 446 mihi,
526 359 642 445 Balbe,
668 361 841 446 praecipis,
870 361 947 444 quid
970 359 1157 426 defendam.

137 450 210 536 Ego
234 449 321 515 enim
344 453 378 515 te
402 449 597 535 disputante,
620 449 697 534 quid
720 449 998 533 contradicerem,
1021 471 1158 514 mecum

138 538 208 625 ipse
231 538 426 622 meditabar,
448 559 553 621 neque
575 541 645 602 tam
667 537 835 603 refellendi
858 537 908 602 tui
929 557 1028 624 causa
1051 559 1157 621 quam

139 648 186 710 ea,
210 647 291 710 quae
315 626 421 691 minue
444 625 685 712 intellegebam,
707 625 899 710 requirendi.
937 624 1019 690 Cum
1039 629 1156 691 autem
1184 645 1200 687 e

140 735 198 780 suo
222 714 336 798 cuique
359 714 476 781 iudicio
500 715 544 779 sit
566 713 731 800 utendum,
756 713 887 778 difficile
909 713 999 778 factu
1023 717 1076 778 est
1098 736 1155 778 me

104 803 173 867 aid
201 801 333 886 sentire,
362 802 447 886 quod
473 806 510 867 tu
533 802 623 868 velis.
668 802 731 867 Hie
752 800 911 867 Velleius:
943 799 1077 886 Nescis,
1104 801 1155 866 in·

141 890 220 975 quit,
244 893 366 975 quanta
389 907 461 956 oum
484 889 732 975 exspectatione,
756 888 863 974 Cotta,
886 890 948 955 sim
970 893 1004 954 te
1024 889 1154 954 auditu·

140 1000 205 1044 rus.
249 978 410 1044 Iueundus
434 979 520 1044 enim
541 978 647 1044 Balbo
669 981 782 1043 nostro
806 999 911 1043 sermo
935 981 1010 1042 tuus
1035 981 1156 1043 contra

139 1064 316 1152 Epicurum
334 1065 410 1151 fuit;
451 1067 590 1132 raebebo
605 1067 708 1153 igitur
722 1087 783 1152 ego
798 1088 849 1130 me
863 1065 925 1130 tibi
942 1065 1090 1130 vicissim
1104 1071 1155 1131 at·
1169 1087 1198 1127 10

140 1158 269 1220 tentum
291 1157 406 1219 contra
427 1090 554 1220 Btoicos
578 1154 766 1220 auditorem.
812 1151 913 1240 Spero
937 1153 1024 1218 em'm
1046 1158 1091 1236 te,
1115 1159 1155 1219 ut

106 1243 243 1326 aeoles,
266 1242 347 1307 bene
369 1245 521 1326 paratum
542 1243 659 1310 uenire.
704 1243 787 1308 Tum
810 1240 922 1308 Cotta:
950 1239 1003 1308 Sic
1026 1243 1155 1308 meher-

141 1331 226 1413 cule,
252 1329 374 1413 inquit,
400 1327 521 1413 Vellei3
546 1331 759 1414 nequeenim
780 1330 862 1395 mihi
884 1351 944 1416 par
967 1330 1053 1394 ratio
1078 1353 1155 1396 eum

140 1416 265 1482 Lucilio
294 1421 343 1482 est
371 1437 408 1482 ae
429 1415 540 1483 'tecum
554 1417 638 1483 ‹fuit
684 1417 745 1494 Qui
767 1418 921 1483 tandem?
953 1419 1063 1501 inquit
1085 1419 1155 1483 ille.

142 1505 225 1582 Quia
246 1504 328 1571 mihi
349 1504 476 1571 videtur
489 1504 648 1590 Epicurus
666 1510 774 1571 vester
793 1506 831 1572 de
851 1506 899 1571 dis
917 1507 1153 1572 inmortalibus
1169 1525 1196 1565 15

141 1616 207 1661 non
234 1615 431 1680 magnopere
458 1613 617 1680 pugnare,
648 1597 778 1660 tantum
803 1595 899 1660 modo
927 1615 1049 1680 negare
1073 1596 1154 1660 deos

142 1705 212 1748 esse
234 1704 301 1748 non
323 1683 428 1767 audet,
450 1703 491 1747 ne
514 1682 591 1766 quid
613 1683 752 1748 invidiae
775 1684 891 1749 subeat
914 1685 971 1748 aut
994 1683 1153 1748 oriminis.

142 1770 224 1837 Cum
254 1787 331 1837 uero
364 1771 440 1836 deos
471 1770 554 1834 nihil
587 1791 696 1857 agere,
727 1771 811 1836 nihil
839 1791 950 1837 curare
977 1771 1155 1836 confirmat

142 1858 360 1942 membrisque
382 1858 534 1923 humanis
557 1879 627 1924 esse
648 1858 823 1944 praeditos,
846 1859 903 1924 sed
921 1879 1033 1922 eorum
1051 1881 1155 1924 mem-

139 1948 274 2022 brorum
296 1966 391 2011 usum
413 1946 539 2012 nullum
561 1946 694 2031 babere,
721 1942 831 2013 lu'dere
853 1945 981 2013 videtur
1004 1948 1154 2031 satisque
1168 1968 1195 2008 sc

141 2038 270 2120 putare,
300 2033 330 2098 si
359 2033 475 2099 dixerit
502 2055 572 2100 esse
600 2035 760 2119 quandam
787 2035 919 2100 beatam
940 2037 1095 2100 naturam
1119 2041 1155 2100 et

107 2141 124 2191 4
143 2125 316 2187 aeternam.
352 2120 384 2186 A
396 2119 502 2187 Balbo
517 2125 626 2187 autern
640 2123 909 2206 animadvertisti,
928 2123 1032 2206 credo,
1052 2145 1154 2206 quam

142 2210 247 2275 multa
270 2208 357 2275 dicta
380 2209 446 2275 sint
465 2233 633 2296 quamque,
657 2211 786 2276 etiamsi
803 2212 911 2276 minus
930 2232 1015 2295 vera,
1039 2215 1155 2276 tamen
1224 2271 1225 2294 ,

143 2301 221 2384 apta
247 2297 333 2364 inter
356 2319 390 2363 se
413 2302 446 2362 et
469 2298 683 2365 cohaerentia.
728 2298 844 2384 Itaque
867 2298 990 2384 cogito,
1012 2303 1051 2362 ut
1075 2300 1154 2384 dixi,
1224 2367 1225 2370 ,

140 2408 208 2452 non
229 2390 299 2452 tam
321 2386 469 2452 refellere
492 2387 560 2452 eius
584 2387 765 2452 orationem
789 2410 887 2471 quam
911 2407 961 2469 ee,
985 2408 1068 2470 quae
1093 2389 1153 2452 mi·
1167 2406 1194 2447 aa
1224 2381 1225 2442 ἶ

140 2496 202 2539 nus
225 2473 384 2558 intellexi,
411 2474 582 2558 requirere.
628 2474 742 2559 Quare,
765 2474 876 2560 Balbe,
899 2474 961 2540 tibi
983 2477 1153 2559 permitto,
1224 2497 1225 2530 1

140 2562 375 2647 responderene
402 2561 483 2628 mibi
509 2563 605 2628 malis
633 2563 672 2628 de
700 2563 837 2649 singulis
861 2564 957 2628 rebus
981 2565 1155 2646 quaerenti

142 2672 181 2716 ex
208 2654 241 2716 te
268 2672 321 2735 ea,
354 2672 436 2735 quae
464 2673 580 2736 parum
608 2651 728 2736 accepi,
741 2705 743 2708 .
758 2674 800 2717 an
827 2652 1011 2717 nniversam
1039 2651 1154 2716 audire

142 2739 322 2805 orationem
345 2759 459 2804 meam.
496 2739 580 2804 Tum
594 2738 731 2803 Balbus:
754 2739 827 2824 Ego
846 2761 932 2823 vero,
956 2739 984 2802 si
1003 2739 1081 2823 quid
1100 2761 1154 2804 ex-

141 2826 270 2912 planari
296 2826 359 2890 tibi
384 2827 489 2911 voles,
515 2826 709 2912 respondere
737 2829 837 2911 malo;
866 2828 917 2892 sin
939 2847 990 2890 me
1013 2828 1153 2892 interro·
1167 2846 1192 2887 eo

143 2933 221 3000 gare
256 2934 322 2978 non
357 2918 427 2980 tam
462 2915 673 3002 intellegendi
709 2937 806 2980 causa
843 2937 939 2999 quam
971 2914 1154 3002 refellendi,

141 3005 254 3067 utrum
278 3001 382 3085 voles,
408 3002 540 3088 faciam,
566 3003 619 3070 vel
648 3003 689 3068 ad
716 3004 859 3090 singula,
887 3026 968 3088 quae
995 3005 1155 3087 requires,

107 3108 123 3158 5
143 3089 255 3154 statim
273 3088 473 3173 respondebo
491 3091 552 3175 vel,
571 3113 644 3156 cum
662 3093 833 3177 peroraris,
852 3091 1028 3156 adomnia.
1066 3091 1153 3156 Tum
1224 3105 1225 3110 ’

142 3176 253 3244 Cotta:
276 3176 416 3263 Optime,
438 3177 552 3261 inquit.
590 3176 694 3253 Quam
718 3180 759 3246 ob
783 3202 851 3245 rem
874 3180 920 3245 sie
945 3201 1090 3265 agamus,
1113 3185 1153 3244 ut

102 3266 201 3331 2nos
229 3266 301 3351 ipsa
324 3266 418 3331 ducet
442 3265 555 3331 oratio.
601 3264 665 3332 Sed
688 3271 763 3332 unte
788 3289 885 3352 quam
908 3267 946 3332 de
969 3289 1017 3352 re,
1046 3291 1154 3353 pauca
1167 3285 1193 3329 es

142 3354 181 3418 de
204 3375 263 3420 me.
299 3351 376 3418 Non
394 3353 479 3418 enim
498 3353 703 3420 mediocriter
720 3375 853 3420 moveor
871 3355 1065 3420 auctoritate
1084 3360 1153 3440 tua,

141 3439 258 3524 Balbe,
286 3441 496 3527 orationeque
520 3463 570 3526 ea,
599 3463 681 3526 quae
704 3463 756 3508 me
778 3442 814 3506 in
834 3442 1015 3528 perorando
1038 3443 1153 3510 cohor-
