2510 3936
146 177 212 242 382
539 172 588 227 on
606 170 760 227 1111111111

148 340 191 386 111Ι
212 321 284 405 ipso
312 321 423 404 poeta,
451 316 541 382 tuine
570 337 682 382 versus
709 315 793 380 hano
821 335 975 398 quercum
1003 313 1160 397 severint,

148 431 190 474 an
206 409 255 473 ita
272 407 395 472 factum
414 405 452 470 de
470 404 585 489 Mario,
607 407 645 468 ut
664 403 787 486 scribis,
811 403 981 486 acceperis.
1017 403 1159 469 Murcus

147 495 361 581 Respondebo
391 493 454 557 tibi
483 493 645 577 equidem,
674 492 729 556 sed
756 512 823 555 non
850 494 926 555 ante
954 513 1052 575 quam
1076 490 1161 554 mihi

147 589 184 651 tu
211 585 281 668 ipse
308 581 527 667 responderis,
554 580 678 665 Attice,
706 582 814 645 certon
836 600 904 644 non
926 579 1025 665 longe
1049 601 1069 643 a
1093 578 1160 642 tuis

149 673 281 738 aedibus
317 670 523 735 inambulans
559 672 636 754 post
671 690 837 734 excessum
869 689 964 732 suum
997 667 1161 732 Romulus
1187 684 1199 724 ⁵

147 760 285 826 Proculo
308 759 393 825 Iulio
422 758 538 823 dixerit
566 779 600 822 se
628 757 723 822 deum
751 779 821 821 esse
848 759 882 821 et
905 755 1080 832 Quirinum
1108 777 1162 821 vo-

149 849 216 914 cari
242 849 465 933 templumque
493 846 556 910 sibi
579 845 720 911 dedicari
741 845 776 910 in
800 867 836 909 eo
860 847 931 910 loco
955 845 1106 929 iusserit,
1130 847 1163 908 11

148 959 302 1003 verumne
335 936 392 1020 sit,
422 941 459 1000 at
478 934 618 999 Athenis
649 956 716 999 non
742 935 840 1020 longe
867 933 948 998 item
975 956 996 998 a
1018 938 1080 1000 tua
1103 934 1164 998 illa

149 1027 284 1111 antiqua
310 1026 406 1090 domo
429 1022 613 1107 Orithyiam
635 1019 757 1107 Aquilo
786 1022 969 1106 sustulerit,
997 1022 1046 1086 sic
1075 1021 1163 1086 enim

115 1118 201 1179 4111
235 1113 400 1178 traditum.
450 1113 526 1178 Am.
559 1109 720 1186 Quorsum
752 1112 883 1176 tandem
915 1115 972 1176 aut
1005 1133 1065 1175 cur
1098 1111 1165 1174 ista
1177 1129 1200 1166 10

150 1203 301 1286 quaeris?
340 1201 388 1266 M.
412 1198 504 1265 Nihil
527 1221 620 1283 sane,
644 1199 709 1263 nisi
730 1221 771 1264 ne
793 1199 891 1263 nimis
915 1199 1095 1284 diligenter
1118 1199 1164 1263 in-

150 1289 259 1374 quiras
283 1289 318 1352 in
341 1309 392 1372 ea,
418 1309 499 1372 quae
522 1287 587 1352 isto
610 1287 706 1353 modo
730 1287 905 1352 memoriae
929 1287 995 1350 sint
1018 1288 1164 1372 prodita.

149 1378 226 1444 Ara
250 1376 354 1460 Atqui
372 1377 477 1440 multa
496 1379 695 1459 quaeruntur
711 1375 747 1440 in
760 1375 864 1440 Mario
882 1376 1002 1440 fictanc
1021 1399 1067 1440 an
1085 1398 1165 1442 vera

151 1465 230 1549 sint,
254 1467 287 1529 et
311 1486 330 1529 a
352 1485 418 1528 non
439 1465 553 1548 nullis,
580 1465 666 1547 quod
689 1467 722 1529 et
744 1464 779 1528 in
800 1464 923 1528 recenti
946 1465 1110 1530 memoria
1132 1467 1164 1528 et

150 1554 185 1618 in
207 1553 361 1638 Arpinati
386 1551 518 1617 homine
546 1574 688 1636 versere,
715 1553 835 1617 veritas
864 1575 884 1618 a
906 1555 939 1617 te
961 1555 1164 1637 postulatur.
1177 1571 1199 1610 1⁵

150 1642 198 1708 M.
225 1642 271 1706 Et
297 1641 480 1706 mehercule
506 1661 568 1727 ego
595 1662 647 1705 me
675 1641 769 1725 cupio
796 1662 862 1705 non
889 1641 1080 1706 mendacem
1109 1665 1164 1726 pu-

151 1730 229 1814 tari3
262 1730 318 1795 sed
345 1734 455 1795 tamen
481 1750 548 1794 non
574 1729 658 1794 nulli
684 1728 755 1813 isti,
787 1728 860 1792 Tite
882 1733 1008 1812 noster,
1036 1730 1165 1796 faciunt

151 1818 310 1903 imperite,
334 1818 389 1902 qui
411 1817 446 1882 in
468 1817 533 1883 1111
556 1818 699 1902 periculo
722 1838 789 1882 non
811 1821 848 1880 ut
871 1839 890 1882 a
912 1821 1020 1902 poeta,
1045 1819 1106 1883 sed
1128 1822 1164 1882 ut

152 1911 279 1972 ateste
301 1906 474 1972 veritatem
497 1906 643 1990 exigant3
670 1927 729 1970 neo
753 1905 880 1990 dubito,
903 1905 983 1988 quin
1004 1906 1109 1971 iidem
1132 1910 1164 1970 11

152 2017 225 2060 cum
251 1994 372 2080 Egeria
403 1995 609 2060 conlocutum
635 1992 778 2058 Numam
810 1998 843 2058 11
875 1993 916 2058 ab
944 1994 1058 2077 aquila
1087 1995 1163 2059 Tar-
1176 2012 1198 2050 2⁰

118 2095 133 2144 5
153 2083 263 2166 quinio
288 2083 411 2166 apicem
433 2083 613 2166 inpositum
630 2085 755 2166 putent.
793 2082 827 2162 Q.
850 2080 1012 2168 Intellego
1031 2087 1078 2168 te,
1101 2085 1163 2148 fra-

85 2185 87 2190 ’
153 2174 216 2253 111,
244 2170 325 2234 alias
348 2170 382 2234 in
403 2169 544 2236 historia
566 2172 655 2256 leges
679 2171 897 2236 observandas
920 2174 1052 2255 putare,
1081 2172 1163 2237 alias

153 2259 188 2322 in
209 2262 367 2342 poemate.
403 2259 451 2323 M.
475 2257 610 2343 Quippe,
633 2279 731 2343 quom
753 2259 788 2322 in
810 2259 870 2323 illa
892 2261 997 2324 omnio
1020 2260 1163 2325 1111111-

152 2349 269 2431 tatem,
301 2345 433 2430 Quinto,
464 2347 659 2432 referantur,
689 2347 725 2411 in
755 2347 818 2412 hoc
845 2347 886 2411 ad
913 2347 1162 2413 delectationem

153 2435 323 2520 pleraque3
359 2456 555 2519 quamquam
592 2438 625 2499 et
662 2433 747 2519 apud
778 2434 995 2520 Herodotum,
1031 2441 1162 2520 patrem
1175 2451 1198 2490 2⁵

152 2523 324 2676 piptolriae,
355 2526 388 2587 et
416 2523 501 2608 apud
528 2521 776 2609 Theopompum
805 2528 881 2588 sunt
907 2523 1162 2590 innumerabiles

168 2634 231 2676 au
246 2634 292 2675 ae.

114 2699 135 2762 2
218 2701 294 2766 Am.
309 2698 426 2784 Teneo,
444 2722 541 2784 quam
556 2699 720 2786 optabam,
734 2700 935 2764 occasionem
948 2722 1053 2784 neque
1068 2701 1163 2766 omit-

152 2790 230 2851 tam.
266 2788 315 2853 M.
338 2786 443 2863 Quam
470 2789 615 2872 tandem,
641 2787 737 2852 Tite?
773 2789 849 2854 Aru.
871 2787 1063 2853 Postulatur
1086 2811 1107 2854 a
1129 2793 1162 2853 te

153 2875 220 2938 iam
247 2875 303 2938 diu
328 2876 381 2939 vel
408 2876 576 2962 flagitatur
597 2875 707 2961 potius
730 2875 877 2940 historia.
920 2875 972 2942 Sic
995 2877 1083 2941 enim
1106 2893 1196 2962 puro

154 2965 240 3044 tant,
263 2965 296 3026 te
319 2961 412 3026 illam
435 2968 597 3029 tractante
620 2964 704 3030 effici
726 2987 837 3050 posse,
859 2965 953 3029 utin
975 2964 1038 3030 hoc
1062 2966 1161 3029 etiam

155 3071 271 3135 genere
290 3049 444 3115 Graeciae
462 3053 544 3116 nihil
564 3052 722 3118 cedamus.
759 3051 868 3136 Atque
885 3056 923 3117 nt
942 3054 1066 3137 audica,
1085 3052 1161 3137 quid

155 3158 216 3223 ego
239 3137 309 3222 ipse
333 3139 480 3222 sentiam,
502 3162 568 3205 non
590 3141 697 3206 solum
719 3139 800 3204 mihi
822 3140 940 3204 videris
965 3163 1077 3206 eorum
1095 3145 1159 3204 stu-

155 3225 230 3307 diis,
260 3226 316 3309 qui
345 3227 410 3291 tuis
438 3228 559 3292 litteris
590 3228 804 3312 delectantur,
834 3228 891 3292 sed
913 3229 1011 3293 etiam
1034 3231 1159 3314 patriae

155 3312 269 3376 debere
292 3313 354 3379 hoc
377 3336 509 3398 munus,
530 3319 568 3379 ut
591 3338 642 3399 ea,
665 3338 748 3400 quae
771 3317 863 3382 salva
884 3338 943 3402 per
964 3321 998 3381 te
1022 3321 1080 3401 est,
1101 3329 1194 3402 per³⁵

154 3403 187 3462 te
219 3400 354 3464 eundem
384 3401 428 3465 sit
458 3406 580 3466 ornata.
626 3403 731 3468 Abest
761 3405 846 3468 enim
875 3405 1014 3470 historia
1041 3405 1157 3470 litteris

154 3487 290 3570 nostris,
316 3491 354 3553 ut
376 3491 410 3552 et
431 3489 502 3574 ipse
524 3489 681 3576 intellego
705 3495 739 3556 ct
762 3514 800 3557 ex
822 3497 856 3558 te
878 3515 1033 3579 persaepe
1057 3493 1157 3558 audio.
1239 3553 1240 3584 ,
