<?xml version="1.0" encoding="UTF-8"?>
<!DOCTYPE html PUBLIC "-//W3C//DTD XHTML 1.0 Transitional//EN"
    "http://www.w3.org/TR/xhtml1/DTD/xhtml1-transitional.dtd">
<html xmlns="http://www.w3.org/1999/xhtml" xml:lang="en" lang="en">
 <head>
  <title>
</title>
<meta http-equiv="Content-Type" content="text/html;charset=utf-8" />
  <meta name='ocr-system' content='tesseract 3.04.00' />
  <meta name='ocr-capabilities' content='ocr_page ocr_carea ocr_par ocr_line ocrx_word'/>
</head>
<body>
  <div class='ocr_page' id='page_1' title='image "./mtulliiciceroni03mlgoog_0311.png"; bbox 0 0 2452 3938; ppageno 0'>
   <div class='ocr_carea' id='block_1_1' title="bbox 141 148 741 218">
    <p class='ocr_par' dir='ltr' id='par_1_1' title="bbox 141 148 741 218">
     <span class='ocr_line' id='line_1_1' title="bbox 141 148 741 218; baseline -0.027 0"><span class='ocrx_word' id='word_1_1' title='bbox 141 153 208 218; x_wconf 78' lang='lat'>260</span> <span class='ocrx_word' id='word_1_2' title='bbox 579 148 629 204; x_wconf 84' lang='lat' dir='ltr'>DE</span> <span class='ocrx_word' id='word_1_3' title='bbox 647 148 741 204; x_wconf 82' lang='lat' dir='ltr'><strong>FATO</strong></span> 
     </span>
    </p>
   </div>
   <div class='ocr_carea' id='block_1_2' title="bbox 70 291 1220 3550">
    <p class='ocr_par' dir='ltr' id='par_1_2' title="bbox 140 291 1217 1086">
     <span class='ocr_line' id='line_1_2' title="bbox 140 291 1216 384; baseline -0.007 -21"><span class='ocrx_word' id='word_1_4' title='bbox 140 298 283 384; x_wconf 91' lang='lat' dir='ltr'>primum</span> <span class='ocrx_word' id='word_1_5' title='bbox 315 295 343 361; x_wconf 86' lang='lat' dir='ltr'>si</span> <span class='ocrx_word' id='word_1_6' title='bbox 375 293 455 359; x_wconf 90' lang='lat' dir='ltr'>mihi</span> <span class='ocrx_word' id='word_1_7' title='bbox 486 293 589 358; x_wconf 88' lang='lat' dir='ltr'>libeat</span> <span class='ocrx_word' id='word_1_8' title='bbox 617 291 772 358; x_wconf 74' lang='lat' dir='ltr'>adsentiri</span> <span class='ocrx_word' id='word_1_9' title='bbox 797 291 939 378; x_wconf 83' lang='lat' dir='ltr'><strong>Epicuro</strong></span> <span class='ocrx_word' id='word_1_10' title='bbox 966 295 1001 357; x_wconf 87' lang='lat' dir='ltr'>et</span> <span class='ocrx_word' id='word_1_11' title='bbox 1025 311 1145 378; x_wconf 80' lang='lat' dir='ltr'>negare</span> <span class='ocrx_word' id='word_1_12' title='bbox 1215 336 1216 372; x_wconf 71' lang='lat'>,</span> 
     </span>
     <span class='ocr_line' id='line_1_3' title="bbox 141 377 1216 466; baseline -0.007 -15"><span class='ocrx_word' id='word_1_13' title='bbox 141 407 270 451; x_wconf 89' lang='lat' dir='ltr'>omnem</span> <span class='ocrx_word' id='word_1_14' title='bbox 289 382 543 466; x_wconf 67' lang='lat' dir='ltr'>enuntiationem</span> <span class='ocrx_word' id='word_1_15' title='bbox 563 384 619 446; x_wconf 92' lang='lat' dir='ltr'>aut</span> <span class='ocrx_word' id='word_1_16' title='bbox 638 402 748 446; x_wconf 86' lang='lat' dir='ltr'>veram</span> <span class='ocrx_word' id='word_1_17' title='bbox 767 401 837 446; x_wconf 86' lang='lat' dir='ltr'>esse</span> <span class='ocrx_word' id='word_1_18' title='bbox 857 383 913 445; x_wconf 88' lang='lat' dir='ltr'>aut</span> <span class='ocrx_word' id='word_1_19' title='bbox 928 378 1056 463; x_wconf 88' lang='lat' dir='ltr'>falsam,</span> <span class='ocrx_word' id='word_1_20' title='bbox 1076 401 1147 444; x_wconf 88' lang='lat' dir='ltr'>eam</span> <span class='ocrx_word' id='word_1_21' title='bbox 1215 377 1216 384; x_wconf 65' lang='lat'><em>&#39;</em></span> 
     </span>
     <span class='ocr_line' id='line_1_4' title="bbox 140 467 1149 559; baseline -0.005 -21"><span class='ocrx_word' id='word_1_22' title='bbox 140 475 274 559; x_wconf 82' lang='lat' dir='ltr'>plagam</span> <span class='ocrx_word' id='word_1_23' title='bbox 300 471 410 555; x_wconf 91' lang='lat' dir='ltr'>potius</span> <span class='ocrx_word' id='word_1_24' title='bbox 438 469 596 553; x_wconf 78' lang='lat' dir='ltr'>accipiam</span> <span class='ocrx_word' id='word_1_25' title='bbox 624 491 722 553; x_wconf 85' lang='lat' dir='ltr'>quam</span> <span class='ocrx_word' id='word_1_26' title='bbox 750 467 820 533; x_wconf 82' lang='lat' dir='ltr'>fato</span> <span class='ocrx_word' id='word_1_27' title='bbox 849 467 958 532; x_wconf 90' lang='lat' dir='ltr'>omnia</span> <span class='ocrx_word' id='word_1_28' title='bbox 979 469 1052 534; x_wconf 88' lang='lat' dir='ltr'>fieri</span> <span class='ocrx_word' id='word_1_29' title='bbox 1075 489 1149 533; x_wconf 90' lang='lat' dir='ltr'>oon·</span> 
     </span>
     <span class='ocr_line' id='line_1_5' title="bbox 140 554 1149 646; baseline -0.006 -20"><span class='ocrx_word' id='word_1_30' title='bbox 140 561 290 646; x_wconf 79' lang='lat' dir='ltr'>probem3</span> <span class='ocrx_word' id='word_1_31' title='bbox 312 559 372 624; x_wconf 89' lang='lat' dir='ltr'>illa</span> <span class='ocrx_word' id='word_1_32' title='bbox 394 558 480 624; x_wconf 89' lang='lat' dir='ltr'>enim</span> <span class='ocrx_word' id='word_1_33' title='bbox 503 557 665 622; x_wconf 87' lang='lat' dir='ltr'>sententia</span> <span class='ocrx_word' id='word_1_34' title='bbox 686 556 786 622; x_wconf 90' lang='lat' dir='ltr'>habet</span> <span class='ocrx_word' id='word_1_35' title='bbox 810 556 933 640; x_wconf 90' lang='lat' dir='ltr'>aliquid</span> <span class='ocrx_word' id='word_1_36' title='bbox 956 554 1149 640; x_wconf 81' lang='lat' dir='ltr'>disputatio</span> 
     </span>
     <span class='ocr_line' id='line_1_6' title="bbox 140 643 1185 734; baseline -0.011 -20"><span class='ocrx_word' id='word_1_37' title='bbox 140 649 206 734; x_wconf 85' lang='lat' dir='ltr'>uis,</span> <span class='ocrx_word' id='word_1_38' title='bbox 232 649 313 714; x_wconf 89' lang='lat' dir='ltr'>haec</span> <span class='ocrx_word' id='word_1_39' title='bbox 340 668 417 713; x_wconf 86' lang='lat' dir='ltr'>vero</span> <span class='ocrx_word' id='word_1_40' title='bbox 443 667 510 713; x_wconf 91' lang='lat' dir='ltr'>non</span> <span class='ocrx_word' id='word_1_41' title='bbox 536 649 586 710; x_wconf 89' lang='lat' dir='ltr'>est</span> <span class='ocrx_word' id='word_1_42' title='bbox 613 644 804 710; x_wconf 87' lang='lat' dir='ltr'>tolerabilis.</span> <span class='ocrx_word' id='word_1_43' title='bbox 844 643 959 728; x_wconf 88' lang='lat' dir='ltr'>ltaque</span> <span class='ocrx_word' id='word_1_44' title='bbox 982 644 1150 709; x_wconf 88' lang='lat' dir='ltr'>contendit</span> <span class='ocrx_word' id='word_1_45' title='bbox 1173 662 1185 702; x_wconf 82' lang='lat' dir='ltr'>s</span> 
     </span>
     <span class='ocr_line' id='line_1_7' title="bbox 142 727 1217 818; baseline -0.006 -16"><span class='ocrx_word' id='word_1_46' title='bbox 142 737 247 802; x_wconf 87' lang='lat' dir='ltr'>omnis</span> <span class='ocrx_word' id='word_1_47' title='bbox 269 756 386 801; x_wconf 84' lang='lat' dir='ltr'>nervos</span> <span class='ocrx_word' id='word_1_48' title='bbox 407 732 618 818; x_wconf 82' lang='lat' dir='ltr'>Chrysippus,</span> <span class='ocrx_word' id='word_1_49' title='bbox 639 736 677 800; x_wconf 89' lang='lat' dir='ltr'>ut</span> <span class='ocrx_word' id='word_1_50' title='bbox 695 731 888 817; x_wconf 85' lang='lat' dir='ltr'>persuadeat</span> <span class='ocrx_word' id='word_1_51' title='bbox 906 753 1003 798; x_wconf 89' lang='lat' dir='ltr'>omne</span> <span class='ocrx_word' id='word_1_52' title='bbox 1021 727 1151 816; x_wconf 80' lang='grc' dir='ltr'><strong><em>ἀξίωμα</em></strong></span> <span class='ocrx_word' id='word_1_53' title='bbox 1216 742 1217 808; x_wconf 73' lang='lat' dir='ltr'>l</span> 
     </span>
     <span class='ocr_line' id='line_1_8' title="bbox 142 819 1151 905; baseline -0.006 -15"><span class='ocrx_word' id='word_1_54' title='bbox 142 829 199 891; x_wconf 89' lang='lat' dir='ltr'>aut</span> <span class='ocrx_word' id='word_1_55' title='bbox 221 845 333 890; x_wconf 86' lang='lat' dir='ltr'>verum</span> <span class='ocrx_word' id='word_1_56' title='bbox 356 843 427 888; x_wconf 87' lang='lat' dir='ltr'>esse</span> <span class='ocrx_word' id='word_1_57' title='bbox 449 825 506 887; x_wconf 92' lang='lat' dir='ltr'>aut</span> <span class='ocrx_word' id='word_1_58' title='bbox 528 821 657 886; x_wconf 84' lang='lat' dir='ltr'>falsum</span> <span class='ocrx_word' id='word_1_59' title='bbox 701 819 747 886; x_wconf 91' lang='lat' dir='ltr'>Ut</span> <span class='ocrx_word' id='word_1_60' title='bbox 769 820 855 886; x_wconf 90' lang='lat' dir='ltr'>enim</span> <span class='ocrx_word' id='word_1_61' title='bbox 877 819 1039 905; x_wconf 78' lang='lat' dir='ltr'>Epicurus</span> <span class='ocrx_word' id='word_1_62' title='bbox 1065 842 1151 885; x_wconf 79' lang='lat' dir='ltr'>vere</span> 
     </span>
     <span class='ocr_line' id='line_1_9' title="bbox 141 907 1152 997; baseline -0.004 -19"><span class='ocrx_word' id='word_1_63' title='bbox 141 917 205 997; x_wconf 89' lang='lat' dir='ltr'>tur,</span> <span class='ocrx_word' id='word_1_64' title='bbox 227 935 276 996; x_wconf 88' lang='lat' dir='ltr'>ne,</span> <span class='ocrx_word' id='word_1_65' title='bbox 300 912 328 976; x_wconf 87' lang='lat' dir='ltr'>si</span> <span class='ocrx_word' id='word_1_66' title='bbox 350 911 413 976; x_wconf 90' lang='lat' dir='ltr'>hoc</span> <span class='ocrx_word' id='word_1_67' title='bbox 435 909 639 992; x_wconf 76' lang='lat' dir='ltr'>concesserit,</span> <span class='ocrx_word' id='word_1_68' title='bbox 661 907 898 975; x_wconf 87' lang='lat' dir='ltr'>concedendum</span> <span class='ocrx_word' id='word_1_69' title='bbox 919 909 963 972; x_wconf 87' lang='lat' dir='ltr'>sit</span> <span class='ocrx_word' id='word_1_70' title='bbox 980 909 1054 974; x_wconf 85' lang='lat' dir='ltr'>fato</span> <span class='ocrx_word' id='word_1_71' title='bbox 1073 909 1152 992; x_wconf 89' lang='lat' dir='ltr'>fieri,</span> 
     </span>
     <span class='ocr_line' id='line_1_10' title="bbox 143 995 1152 1086; baseline -0.005 -20"><span class='ocrx_word' id='word_1_72' title='bbox 143 1021 361 1086; x_wconf 87' lang='lat' dir='ltr'>quaecumque</span> <span class='ocrx_word' id='word_1_73' title='bbox 383 999 474 1082; x_wconf 90' lang='lat' dir='ltr'>fiant,</span> <span class='ocrx_word' id='word_1_74' title='bbox 495 995 539 1083; x_wconf 88' lang='lat' dir='ltr'>(si</span> <span class='ocrx_word' id='word_1_75' title='bbox 561 997 647 1062; x_wconf 90' lang='lat' dir='ltr'>enim</span> <span class='ocrx_word' id='word_1_76' title='bbox 671 998 810 1062; x_wconf 83' lang='lat' dir='ltr'>alterurn</span> <span class='ocrx_word' id='word_1_77' title='bbox 828 1000 938 1062; x_wconf 89' lang='lat' dir='ltr'>utrum</span> <span class='ocrx_word' id='word_1_78' title='bbox 957 1019 997 1062; x_wconf 85' lang='lat' dir='ltr'>ex</span> <span class='ocrx_word' id='word_1_79' title='bbox 1015 997 1152 1062; x_wconf 83' lang='lat' dir='ltr'>aeterni·</span> 
     </span>
    </p>

    <p class='ocr_par' dir='ltr' id='par_1_3' title="bbox 70 1085 1218 1434">
     <span class='ocr_line' id='line_1_11' title="bbox 70 1085 1186 1170; baseline -0.004 -15"><span class='ocrx_word' id='word_1_80' title='bbox 70 1131 73 1140; x_wconf 87' lang='lat'>-</span> <span class='ocrx_word' id='word_1_81' title='bbox 141 1093 212 1155; x_wconf 90' lang='lat' dir='ltr'>tate</span> <span class='ocrx_word' id='word_1_82' title='bbox 238 1110 352 1154; x_wconf 83' lang='lat' dir='ltr'>verum</span> <span class='ocrx_word' id='word_1_83' title='bbox 379 1088 436 1170; x_wconf 88' lang='lat' dir='ltr'>ait,</span> <span class='ocrx_word' id='word_1_84' title='bbox 464 1107 534 1152; x_wconf 89' lang='lat' dir='ltr'>esse</span> <span class='ocrx_word' id='word_1_85' title='bbox 560 1085 594 1150; x_wconf 89' lang='lat' dir='ltr'>id</span> <span class='ocrx_word' id='word_1_86' title='bbox 622 1085 722 1150; x_wconf 86' lang='lat' dir='ltr'>etiam</span> <span class='ocrx_word' id='word_1_87' title='bbox 745 1089 868 1151; x_wconf 89' lang='lat' dir='ltr'>certum</span> <span class='ocrx_word' id='word_1_88' title='bbox 892 1089 938 1169; x_wconf 90' lang='lat' dir='ltr'>et,</span> <span class='ocrx_word' id='word_1_89' title='bbox 966 1085 995 1149; x_wconf 87' lang='lat' dir='ltr'>si</span> <span class='ocrx_word' id='word_1_90' title='bbox 1018 1088 1186 1167; x_wconf 83' lang='lat' dir='ltr'>certum,1⁰</span> 
     </span>
     <span class='ocr_line' id='line_1_12' title="bbox 143 1172 1153 1257; baseline -0.005 -15"><span class='ocrx_word' id='word_1_91' title='bbox 143 1178 243 1242; x_wconf 89' lang='lat' dir='ltr'>etiam</span> <span class='ocrx_word' id='word_1_92' title='bbox 264 1175 494 1257; x_wconf 73' lang='lat' dir='ltr'>necessarium,</span> <span class='ocrx_word' id='word_1_93' title='bbox 516 1174 564 1238; x_wconf 89' lang='lat' dir='ltr'>ita</span> <span class='ocrx_word' id='word_1_94' title='bbox 587 1178 620 1238; x_wconf 92' lang='lat' dir='ltr'>et</span> <span class='ocrx_word' id='word_1_95' title='bbox 641 1173 868 1240; x_wconf 87' lang='lat' dir='ltr'>necessitatem</span> <span class='ocrx_word' id='word_1_96' title='bbox 891 1176 925 1238; x_wconf 90' lang='lat' dir='ltr'>et</span> <span class='ocrx_word' id='word_1_97' title='bbox 946 1172 1056 1238; x_wconf 85' lang='lat' dir='ltr'>fatum</span> <span class='ocrx_word' id='word_1_98' title='bbox 1083 1196 1153 1240; x_wconf 90' lang='lat' dir='ltr'>con·</span> 
     </span>
     <span class='ocr_line' id='line_1_13' title="bbox 142 1260 1218 1348; baseline -0.006 -18"><span class='ocrx_word' id='word_1_99' title='bbox 142 1265 265 1330; x_wconf 90' lang='lat' dir='ltr'>firmari</span> <span class='ocrx_word' id='word_1_100' title='bbox 287 1261 408 1348; x_wconf 23' lang='lat' dir='ltr'>putat),</span> <span class='ocrx_word' id='word_1_101' title='bbox 425 1263 472 1327; x_wconf 90' lang='lat' dir='ltr'>sic</span> <span class='ocrx_word' id='word_1_102' title='bbox 494 1260 694 1345; x_wconf 78' lang='lat' dir='ltr'>Chrysippus</span> <span class='ocrx_word' id='word_1_103' title='bbox 717 1261 847 1344; x_wconf 87' lang='lat' dir='ltr'>metuit,</span> <span class='ocrx_word' id='word_1_104' title='bbox 873 1282 927 1344; x_wconf 88' lang='lat' dir='ltr'>ne,</span> <span class='ocrx_word' id='word_1_105' title='bbox 956 1261 1077 1327; x_wconf 88' lang='lat' dir='ltr'>sinon</span> <span class='ocrx_word' id='word_1_106' title='bbox 1101 1261 1153 1328; x_wconf 69' lang='lat' dir='ltr'>olr</span> <span class='ocrx_word' id='word_1_107' title='bbox 1217 1301 1218 1324; x_wconf 52' lang='lat'><em>2</em></span> 
     </span>
     <span class='ocr_line' id='line_1_14' title="bbox 142 1349 1154 1434; baseline -0.002 -18"><span class='ocrx_word' id='word_1_108' title='bbox 142 1352 276 1416; x_wconf 75' lang='lat' dir='ltr'>tinuerit</span> <span class='ocrx_word' id='word_1_109' title='bbox 303 1372 411 1433; x_wconf 90' lang='lat' dir='ltr'>omne,</span> <span class='ocrx_word' id='word_1_110' title='bbox 441 1349 527 1433; x_wconf 92' lang='lat' dir='ltr'>quod</span> <span class='ocrx_word' id='word_1_111' title='bbox 554 1349 754 1434; x_wconf 85' lang='lat' dir='ltr'>enuntietur,</span> <span class='ocrx_word' id='word_1_112' title='bbox 784 1353 841 1414; x_wconf 90' lang='lat' dir='ltr'>aut</span> <span class='ocrx_word' id='word_1_113' title='bbox 862 1371 975 1414; x_wconf 87' lang='lat' dir='ltr'>verum</span> <span class='ocrx_word' id='word_1_114' title='bbox 999 1371 1075 1414; x_wconf 87' lang='lat' dir='ltr'>esse</span> <span class='ocrx_word' id='word_1_115' title='bbox 1100 1353 1154 1414; x_wconf 91' lang='lat' dir='ltr'>aut</span> 
     </span>
    </p>

    <p class='ocr_par' dir='ltr' id='par_1_4' title="bbox 91 1437 1220 2404">
     <span class='ocr_line' id='line_1_15' title="bbox 91 1437 1154 1522; baseline -0.005 -15"><span class='ocrx_word' id='word_1_116' title='bbox 91 1441 277 1522; x_wconf 72' lang='lat' dir='ltr'>anfalcum,</span> <span class='ocrx_word' id='word_1_117' title='bbox 304 1459 371 1504; x_wconf 88' lang='lat' dir='ltr'>non</span> <span class='ocrx_word' id='word_1_118' title='bbox 397 1441 507 1503; x_wconf 89' lang='lat' dir='ltr'>teneat</span> <span class='ocrx_word' id='word_1_119' title='bbox 535 1438 645 1503; x_wconf 90' lang='lat' dir='ltr'>omnia</span> <span class='ocrx_word' id='word_1_120' title='bbox 666 1437 736 1503; x_wconf 88' lang='lat' dir='ltr'>fato</span> <span class='ocrx_word' id='word_1_121' title='bbox 758 1437 830 1503; x_wconf 92' lang='lat' dir='ltr'>fieri</span> <span class='ocrx_word' id='word_1_122' title='bbox 853 1441 947 1502; x_wconf 87' lang='lat' dir='ltr'>etex</span> <span class='ocrx_word' id='word_1_123' title='bbox 970 1439 1082 1503; x_wconf 87' lang='lat' dir='ltr'>causis</span> <span class='ocrx_word' id='word_1_124' title='bbox 1107 1460 1154 1502; x_wconf 84' lang='lat' dir='ltr'>ae</span> 
     </span>
     <span class='ocr_line' id='line_1_16' title="bbox 144 1522 1187 1610; baseline -0.004 -16"><span class='ocrx_word' id='word_1_125' title='bbox 144 1528 245 1594; x_wconf 89' lang='lat' dir='ltr'>ternis</span> <span class='ocrx_word' id='word_1_126' title='bbox 277 1549 385 1592; x_wconf 88' lang='lat' dir='ltr'>rerum</span> <span class='ocrx_word' id='word_1_127' title='bbox 416 1526 608 1592; x_wconf 87' lang='lat' dir='ltr'>futurarum.</span> <span class='ocrx_word' id='word_1_128' title='bbox 650 1522 714 1590; x_wconf 81' lang='lat' dir='ltr'>Sed</span> <span class='ocrx_word' id='word_1_129' title='bbox 744 1524 903 1610; x_wconf 81' lang='lat' dir='ltr'>Epicurus</span> <span class='ocrx_word' id='word_1_130' title='bbox 937 1524 1155 1592; x_wconf 87' lang='lat' dir='ltr'>declinatione</span> <span class='ocrx_word' id='word_1_131' title='bbox 1167 1541 1187 1580; x_wconf 82' lang='lat'>1⁵</span> 
     </span>
     <span class='ocr_line' id='line_1_17' title="bbox 145 1613 1154 1698; baseline -0.005 -15"><span class='ocrx_word' id='word_1_132' title='bbox 145 1616 247 1683; x_wconf 85' lang='lat' dir='ltr'>atomi</span> <span class='ocrx_word' id='word_1_133' title='bbox 275 1614 374 1682; x_wconf 79' lang='lat' dir='ltr'>vitari</span> <span class='ocrx_word' id='word_1_134' title='bbox 399 1613 626 1681; x_wconf 88' lang='lat' dir='ltr'>necessitatem</span> <span class='ocrx_word' id='word_1_135' title='bbox 652 1613 715 1678; x_wconf 83' lang='lat' dir='ltr'>fati</span> <span class='ocrx_word' id='word_1_136' title='bbox 741 1617 845 1698; x_wconf 85' lang='lat' dir='ltr'>putat.</span> <span class='ocrx_word' id='word_1_137' title='bbox 889 1613 1006 1698; x_wconf 89' lang='lat' dir='ltr'>ltaque</span> <span class='ocrx_word' id='word_1_138' title='bbox 1035 1615 1154 1680; x_wconf 86' lang='lat' dir='ltr'>tertius</span> 
     </span>
     <span class='ocr_line' id='line_1_18' title="bbox 145 1702 1156 1790; baseline -0.002 -20"><span class='ocrx_word' id='word_1_139' title='bbox 145 1705 276 1790; x_wconf 88' lang='lat' dir='ltr'>quidam</span> <span class='ocrx_word' id='word_1_140' title='bbox 303 1707 411 1769; x_wconf 91' lang='lat' dir='ltr'>motus</span> <span class='ocrx_word' id='word_1_141' title='bbox 439 1703 543 1768; x_wconf 88' lang='lat' dir='ltr'>oritur</span> <span class='ocrx_word' id='word_1_142' title='bbox 570 1705 663 1767; x_wconf 88' lang='lat' dir='ltr'>extra</span> <span class='ocrx_word' id='word_1_143' title='bbox 689 1702 815 1786; x_wconf 88' lang='lat' dir='ltr'>pondus</span> <span class='ocrx_word' id='word_1_144' title='bbox 843 1706 875 1766; x_wconf 89' lang='lat' dir='ltr'>et</span> <span class='ocrx_word' id='word_1_145' title='bbox 904 1703 1056 1787; x_wconf 79' lang='lat' dir='ltr'>plagam,</span> <span class='ocrx_word' id='word_1_146' title='bbox 1085 1725 1156 1768; x_wconf 91' lang='lat' dir='ltr'>cum</span> 
     </span>
     <span class='ocr_line' id='line_1_19' title="bbox 145 1787 1156 1876; baseline -0.003 -18"><span class='ocrx_word' id='word_1_147' title='bbox 145 1793 286 1859; x_wconf 85' lang='lat' dir='ltr'>declinat</span> <span class='ocrx_word' id='word_1_148' title='bbox 314 1795 442 1857; x_wconf 88' lang='lat' dir='ltr'>atomus</span> <span class='ocrx_word' id='word_1_149' title='bbox 469 1790 643 1855; x_wconf 88' lang='lat' dir='ltr'>intervallo</span> <span class='ocrx_word' id='word_1_150' title='bbox 672 1790 806 1855; x_wconf 89' lang='lat' dir='ltr'>minimo</span> <span class='ocrx_word' id='word_1_151' title='bbox 834 1788 882 1876; x_wconf 87' lang='lat' dir='ltr'>(id</span> <span class='ocrx_word' id='word_1_152' title='bbox 910 1790 1061 1875; x_wconf 88' lang='lat' dir='ltr'>appellat</span> <span class='ocrx_word' id='word_1_153' title='bbox 1087 1787 1156 1857; x_wconf 74' lang='grc' dir='ltr'><strong><em>ἐλά-</em></strong></span> 
     </span>
     <span class='ocr_line' id='line_1_20' title="bbox 145 1878 1155 1966; baseline -0.002 -22"><span class='ocrx_word' id='word_1_154' title='bbox 145 1879 288 1966; x_wconf 79' lang='grc' dir='ltr'><strong>χιστον);</strong></span> <span class='ocrx_word' id='word_1_155' title='bbox 312 1900 409 1963; x_wconf 90' lang='lat' dir='ltr'>quam</span> <span class='ocrx_word' id='word_1_156' title='bbox 432 1878 680 1944; x_wconf 87' lang='lat' dir='ltr'>declinationem</span> <span class='ocrx_word' id='word_1_157' title='bbox 703 1878 772 1942; x_wconf 90' lang='lat' dir='ltr'>sine</span> <span class='ocrx_word' id='word_1_158' title='bbox 791 1899 888 1942; x_wconf 86' lang='lat' dir='ltr'>causa</span> <span class='ocrx_word' id='word_1_159' title='bbox 906 1878 979 1942; x_wconf 90' lang='lat' dir='ltr'>fieri</span> <span class='ocrx_word' id='word_1_160' title='bbox 998 1879 1028 1943; x_wconf 87' lang='lat' dir='ltr'>si</span> <span class='ocrx_word' id='word_1_161' title='bbox 1048 1879 1155 1944; x_wconf 88' lang='lat' dir='ltr'>minus</span> 
     </span>
     <span class='ocr_line' id='line_1_21' title="bbox 145 1964 1220 2058; baseline -0.004 -24"><span class='ocrx_word' id='word_1_162' title='bbox 145 1969 267 2052; x_wconf 86' lang='lat' dir='ltr'>verbis,</span> <span class='ocrx_word' id='word_1_163' title='bbox 298 1989 332 2032; x_wconf 90' lang='lat' dir='ltr'>re</span> <span class='ocrx_word' id='word_1_164' title='bbox 364 1967 492 2052; x_wconf 82' lang='lat' dir='ltr'>cogitur</span> <span class='ocrx_word' id='word_1_165' title='bbox 524 1966 679 2031; x_wconf 84' lang='lat' dir='ltr'>confiteri.</span> <span class='ocrx_word' id='word_1_166' title='bbox 724 1965 800 2032; x_wconf 91' lang='lat' dir='ltr'>Non</span> <span class='ocrx_word' id='word_1_167' title='bbox 832 1966 918 2030; x_wconf 88' lang='lat' dir='ltr'>enim</span> <span class='ocrx_word' id='word_1_168' title='bbox 951 1969 1085 2032; x_wconf 89' lang='lat' dir='ltr'>atomus</span> <span class='ocrx_word' id='word_1_169' title='bbox 1117 1968 1188 2032; x_wconf 74' lang='lat' dir='ltr'>ab²⁰</span> <span class='ocrx_word' id='word_1_170' title='bbox 1219 1964 1220 2058; x_wconf 66' lang='lat' dir='ltr'>l</span> 
     </span>
     <span class='ocr_line' id='line_1_22' title="bbox 146 2052 1220 2141; baseline -0.003 -20"><span class='ocrx_word' id='word_1_171' title='bbox 146 2060 255 2121; x_wconf 90' lang='lat' dir='ltr'>atomo</span> <span class='ocrx_word' id='word_1_172' title='bbox 282 2055 379 2141; x_wconf 86' lang='lat' dir='ltr'>pulsa</span> <span class='ocrx_word' id='word_1_173' title='bbox 406 2054 554 2120; x_wconf 87' lang='lat' dir='ltr'>declinat.</span> <span class='ocrx_word' id='word_1_174' title='bbox 599 2052 686 2120; x_wconf 87' lang='lat' dir='ltr'>Nam</span> <span class='ocrx_word' id='word_1_175' title='bbox 709 2054 765 2140; x_wconf 86' lang='lat' dir='ltr'>qui</span> <span class='ocrx_word' id='word_1_176' title='bbox 787 2058 898 2140; x_wconf 88' lang='lat' dir='ltr'>potest</span> <span class='ocrx_word' id='word_1_177' title='bbox 920 2054 1094 2139; x_wconf 85' lang='lat' dir='ltr'>pelli.alia</span> <span class='ocrx_word' id='word_1_178' title='bbox 1117 2056 1155 2121; x_wconf 86' lang='lat' dir='ltr'>ab</span> <span class='ocrx_word' id='word_1_179' title='bbox 1219 2069 1220 2082; x_wconf 64' lang='lat'>¹</span> 
     </span>
     <span class='ocr_line' id='line_1_23' title="bbox 146 2135 1220 2230; baseline -0.002 -21"><span class='ocrx_word' id='word_1_180' title='bbox 146 2144 224 2226; x_wconf 87' lang='lat' dir='ltr'>alia,</span> <span class='ocrx_word' id='word_1_181' title='bbox 251 2143 280 2208; x_wconf 89' lang='lat' dir='ltr'>si</span> <span class='ocrx_word' id='word_1_182' title='bbox 307 2142 470 2229; x_wconf 82' lang='lat' dir='ltr'>gravitate</span> <span class='ocrx_word' id='word_1_183' title='bbox 493 2141 643 2206; x_wconf 85' lang='lat' dir='ltr'>feruntur</span> <span class='ocrx_word' id='word_1_184' title='bbox 665 2142 707 2207; x_wconf 87' lang='lat' dir='ltr'>ad</span> <span class='ocrx_word' id='word_1_185' title='bbox 728 2142 992 2226; x_wconf 87' lang='lat' dir='ltr'>perpendiculum</span> <span class='ocrx_word' id='word_1_186' title='bbox 1015 2165 1155 2230; x_wconf 87' lang='lat' dir='ltr'>corpora</span> <span class='ocrx_word' id='word_1_187' title='bbox 1219 2135 1220 2150; x_wconf 47' lang='lat'><strong>³</strong></span> 
     </span>
     <span class='ocr_line' id='line_1_24' title="bbox 144 2229 1154 2316; baseline 0.001 -20"><span class='ocrx_word' id='word_1_188' title='bbox 144 2230 310 2296; x_wconf 80' lang='lat' dir='ltr'>individua</span> <span class='ocrx_word' id='word_1_189' title='bbox 336 2231 433 2297; x_wconf 88' lang='lat' dir='ltr'>rectis</span> <span class='ocrx_word' id='word_1_190' title='bbox 461 2230 569 2315; x_wconf 88' lang='lat' dir='ltr'>lineis,</span> <span class='ocrx_word' id='word_1_191' title='bbox 600 2234 637 2294; x_wconf 90' lang='lat' dir='ltr'>ut</span> <span class='ocrx_word' id='word_1_192' title='bbox 659 2229 801 2314; x_wconf 80' lang='lat' dir='ltr'>Epicuro</span> <span class='ocrx_word' id='word_1_193' title='bbox 828 2230 958 2316; x_wconf 79' lang='lat' dir='ltr'>placet?</span> <span class='ocrx_word' id='word_1_194' title='bbox 1000 2229 1154 2316; x_wconf 81' lang='lat' dir='ltr'>Sequitur</span> 
     </span>
     <span class='ocr_line' id='line_1_25' title="bbox 146 2318 1155 2404; baseline -0.002 -19"><span class='ocrx_word' id='word_1_195' title='bbox 146 2319 245 2403; x_wconf 89' lang='lat' dir='ltr'>enim,</span> <span class='ocrx_word' id='word_1_196' title='bbox 274 2322 324 2402; x_wconf 92' lang='lat' dir='ltr'>ut,</span> <span class='ocrx_word' id='word_1_197' title='bbox 355 2319 383 2383; x_wconf 86' lang='lat' dir='ltr'>si</span> <span class='ocrx_word' id='word_1_198' title='bbox 416 2319 481 2383; x_wconf 89' lang='lat' dir='ltr'>alia</span> <span class='ocrx_word' id='word_1_199' title='bbox 513 2319 554 2382; x_wconf 90' lang='lat' dir='ltr'>ab</span> <span class='ocrx_word' id='word_1_200' title='bbox 584 2318 649 2382; x_wconf 89' lang='lat' dir='ltr'>alia</span> <span class='ocrx_word' id='word_1_201' title='bbox 677 2339 855 2401; x_wconf 85' lang='lat' dir='ltr'>numquam</span> <span class='ocrx_word' id='word_1_202' title='bbox 884 2319 1085 2404; x_wconf 90' lang='lat' dir='ltr'>depellatur,</span> <span class='ocrx_word' id='word_1_203' title='bbox 1117 2341 1155 2385; x_wconf 88' lang='lat' dir='ltr'>ne</span> 
     </span>
    </p>

    <p class='ocr_par' dir='ltr' id='par_1_5' title="bbox 94 2405 1190 3020">
     <span class='ocr_line' id='line_1_26' title="bbox 94 2405 1189 2493; baseline -0.001 -21"><span class='ocrx_word' id='word_1_204' title='bbox 94 2423 127 2472; x_wconf 76' lang='lat'>23</span> <span class='ocrx_word' id='word_1_205' title='bbox 147 2408 317 2493; x_wconf 86' lang='lat' dir='ltr'>contingat</span> <span class='ocrx_word' id='word_1_206' title='bbox 335 2406 464 2491; x_wconf 90' lang='lat' dir='ltr'>quidem</span> <span class='ocrx_word' id='word_1_207' title='bbox 483 2406 548 2471; x_wconf 90' lang='lat' dir='ltr'>alia</span> <span class='ocrx_word' id='word_1_208' title='bbox 567 2405 674 2471; x_wconf 84' lang='lat' dir='ltr'>aliam.</span> <span class='ocrx_word' id='word_1_209' title='bbox 705 2405 756 2471; x_wconf 84' lang='lat' dir='ltr'>Ex</span> <span class='ocrx_word' id='word_1_210' title='bbox 775 2428 839 2490; x_wconf 88' lang='lat' dir='ltr'>quo</span> <span class='ocrx_word' id='word_1_211' title='bbox 858 2406 1006 2491; x_wconf 85' lang='lat' dir='ltr'>efficitur,</span> <span class='ocrx_word' id='word_1_212' title='bbox 1025 2407 1189 2474; x_wconf 72' lang='lat' dir='ltr'>etiamne</span> 
     </span>
     <span class='ocr_line' id='line_1_27' title="bbox 146 2493 1156 2580; baseline -0.002 -18"><span class='ocrx_word' id='word_1_213' title='bbox 146 2497 190 2562; x_wconf 89' lang='lat' dir='ltr'>sit</span> <span class='ocrx_word' id='word_1_214' title='bbox 213 2500 339 2562; x_wconf 90' lang='lat' dir='ltr'>atomus</span> <span class='ocrx_word' id='word_1_215' title='bbox 363 2515 464 2580; x_wconf 88' lang='lat' dir='ltr'>eaque</span> <span class='ocrx_word' id='word_1_216' title='bbox 487 2493 634 2577; x_wconf 88' lang='lat' dir='ltr'>declinet,</span> <span class='ocrx_word' id='word_1_217' title='bbox 657 2494 817 2560; x_wconf 88' lang='lat' dir='ltr'>declinare</span> <span class='ocrx_word' id='word_1_218' title='bbox 836 2495 904 2560; x_wconf 83' lang='lat' dir='ltr'>sine</span> <span class='ocrx_word' id='word_1_219' title='bbox 923 2516 1029 2560; x_wconf 89' lang='lat' dir='ltr'>causa.</span> <span class='ocrx_word' id='word_1_220' title='bbox 1062 2496 1156 2562; x_wconf 89' lang='lat' dir='ltr'>Hane</span> 
     </span>
     <span class='ocr_line' id='line_1_28' title="bbox 145 2581 1156 2668; baseline -0.002 -18"><span class='ocrx_word' id='word_1_221' title='bbox 145 2583 304 2668; x_wconf 85' lang='lat' dir='ltr'>Epicurus</span> <span class='ocrx_word' id='word_1_222' title='bbox 328 2583 488 2648; x_wconf 90' lang='lat' dir='ltr'>rationem</span> <span class='ocrx_word' id='word_1_223' title='bbox 510 2581 637 2646; x_wconf 85' lang='lat' dir='ltr'>induxit</span> <span class='ocrx_word' id='word_1_224' title='bbox 660 2583 701 2647; x_wconf 92' lang='lat' dir='ltr'>cb</span> <span class='ocrx_word' id='word_1_225' title='bbox 725 2604 797 2647; x_wconf 89' lang='lat' dir='ltr'>eam</span> <span class='ocrx_word' id='word_1_226' title='bbox 820 2603 898 2666; x_wconf 90' lang='lat' dir='ltr'>rem,</span> <span class='ocrx_word' id='word_1_227' title='bbox 921 2583 1008 2666; x_wconf 90' lang='lat' dir='ltr'>quod</span> <span class='ocrx_word' id='word_1_228' title='bbox 1030 2585 1156 2650; x_wconf 81' lang='lat' dir='ltr'>veritus</span> 
     </span>
     <span class='ocr_line' id='line_1_29' title="bbox 147 2670 1156 2757; baseline -0.003 -20"><span class='ocrx_word' id='word_1_229' title='bbox 147 2676 210 2757; x_wconf 86' lang='lat' dir='ltr'>est,</span> <span class='ocrx_word' id='word_1_230' title='bbox 233 2692 287 2753; x_wconf 88' lang='lat' dir='ltr'>ne,</span> <span class='ocrx_word' id='word_1_231' title='bbox 310 2671 339 2736; x_wconf 93' lang='lat' dir='ltr'>si</span> <span class='ocrx_word' id='word_1_232' title='bbox 362 2692 489 2755; x_wconf 88' lang='lat' dir='ltr'>semper</span> <span class='ocrx_word' id='word_1_233' title='bbox 512 2673 640 2735; x_wconf 89' lang='lat' dir='ltr'>atomus</span> <span class='ocrx_word' id='word_1_234' title='bbox 665 2670 826 2756; x_wconf 83' lang='lat' dir='ltr'>gravitate</span> <span class='ocrx_word' id='word_1_235' title='bbox 848 2671 989 2735; x_wconf 85' lang='lat' dir='ltr'>ferretur</span> <span class='ocrx_word' id='word_1_236' title='bbox 1011 2671 1156 2738; x_wconf 87' lang='lat' dir='ltr'>naturali</span> 
     </span>
     <span class='ocr_line' id='line_1_30' title="bbox 147 2757 1157 2844; baseline 0 -20"><span class='ocrx_word' id='word_1_237' title='bbox 147 2782 185 2825; x_wconf 86' lang='lat' dir='ltr'>ac</span> <span class='ocrx_word' id='word_1_238' title='bbox 206 2759 396 2843; x_wconf 88' lang='lat' dir='ltr'>necessaria,</span> <span class='ocrx_word' id='word_1_239' title='bbox 417 2757 501 2824; x_wconf 90' lang='lat' dir='ltr'>nihil</span> <span class='ocrx_word' id='word_1_240' title='bbox 524 2757 663 2822; x_wconf 87' lang='lat' dir='ltr'>liberum</span> <span class='ocrx_word' id='word_1_241' title='bbox 685 2758 781 2823; x_wconf 85' lang='lat' dir='ltr'>nobis</span> <span class='ocrx_word' id='word_1_242' title='bbox 804 2763 899 2844; x_wconf 88' lang='lat' dir='ltr'>esset,</span> <span class='ocrx_word' id='word_1_243' title='bbox 922 2780 996 2824; x_wconf 88' lang='lat' dir='ltr'>cum</span> <span class='ocrx_word' id='word_1_244' title='bbox 1018 2761 1068 2824; x_wconf 88' lang='lat' dir='ltr'>ita</span> <span class='ocrx_word' id='word_1_245' title='bbox 1092 2781 1157 2824; x_wconf 87' lang='lat' dir='ltr'>mo</span> 
     </span>
     <span class='ocr_line' id='line_1_31' title="bbox 147 2846 1190 2932; baseline -0.002 -18"><span class='ocrx_word' id='word_1_246' title='bbox 147 2851 277 2914; x_wconf 79' lang='lat' dir='ltr'>veretur</span> <span class='ocrx_word' id='word_1_247' title='bbox 309 2848 449 2930; x_wconf 91' lang='lat' dir='ltr'>animus,</span> <span class='ocrx_word' id='word_1_248' title='bbox 484 2848 522 2910; x_wconf 87' lang='lat' dir='ltr'>ut</span> <span class='ocrx_word' id='word_1_249' title='bbox 554 2848 737 2912; x_wconf 88' lang='lat' dir='ltr'>atomorum</span> <span class='ocrx_word' id='word_1_250' title='bbox 769 2850 861 2913; x_wconf 93' lang='lat' dir='ltr'>motu</span> <span class='ocrx_word' id='word_1_251' title='bbox 892 2851 1073 2932; x_wconf 82' lang='lat' dir='ltr'>cogeretur.</span> <span class='ocrx_word' id='word_1_252' title='bbox 1119 2846 1190 2912; x_wconf 80' lang='lat' dir='ltr'>ld³⁰</span> 
     </span>
     <span class='ocr_line' id='line_1_32' title="bbox 147 2933 1157 3020; baseline 0 -21"><span class='ocrx_word' id='word_1_253' title='bbox 147 2933 363 3018; x_wconf 88' lang='lat' dir='ltr'>Democritus,</span> <span class='ocrx_word' id='word_1_254' title='bbox 387 2938 499 2999; x_wconf 89' lang='lat' dir='ltr'>auctor</span> <span class='ocrx_word' id='word_1_255' title='bbox 523 2937 716 3018; x_wconf 90' lang='lat' dir='ltr'>atomorum,</span> <span class='ocrx_word' id='word_1_256' title='bbox 739 2935 882 3019; x_wconf 89' lang='lat' dir='ltr'>accipere</span> <span class='ocrx_word' id='word_1_257' title='bbox 900 2934 1027 3020; x_wconf 86' lang='lat' dir='ltr'>maluit,</span> <span class='ocrx_word' id='word_1_258' title='bbox 1049 2957 1157 3002; x_wconf 87' lang='lat' dir='ltr'>neces·</span> 
     </span>
    </p>

    <p class='ocr_par' dir='ltr' id='par_1_6' title="bbox 98 3022 1191 3550">
     <span class='ocr_line' id='line_1_33' title="bbox 98 3022 1158 3106; baseline 0.002 -19"><span class='ocrx_word' id='word_1_259' title='bbox 98 3025 136 3088; x_wconf 90' lang='lat'>11</span> <span class='ocrx_word' id='word_1_260' title='bbox 150 3023 247 3087; x_wconf 85' lang='lat' dir='ltr'>sitatc</span> <span class='ocrx_word' id='word_1_261' title='bbox 271 3023 379 3088; x_wconf 90' lang='lat' dir='ltr'>omnia</span> <span class='ocrx_word' id='word_1_262' title='bbox 401 3022 481 3106; x_wconf 91' lang='lat' dir='ltr'>fieri,</span> <span class='ocrx_word' id='word_1_263' title='bbox 505 3044 602 3106; x_wconf 88' lang='lat' dir='ltr'>quam</span> <span class='ocrx_word' id='word_1_264' title='bbox 621 3045 641 3086; x_wconf 88' lang='lat' dir='ltr'>a</span> <span class='ocrx_word' id='word_1_265' title='bbox 664 3023 853 3105; x_wconf 86' lang='lat' dir='ltr'>corporibus</span> <span class='ocrx_word' id='word_1_266' title='bbox 871 3023 1047 3089; x_wconf 84' lang='lat' dir='ltr'>individuis</span> <span class='ocrx_word' id='word_1_267' title='bbox 1065 3028 1158 3089; x_wconf 88' lang='lat' dir='ltr'>natu·</span> 
     </span>
     <span class='ocr_line' id='line_1_34' title="bbox 149 3108 1158 3196; baseline -0.001 -21"><span class='ocrx_word' id='word_1_268' title='bbox 149 3109 228 3175; x_wconf 86' lang='lat' dir='ltr'>ralis</span> <span class='ocrx_word' id='word_1_269' title='bbox 252 3113 360 3174; x_wconf 90' lang='lat' dir='ltr'>motus</span> <span class='ocrx_word' id='word_1_270' title='bbox 384 3110 531 3175; x_wconf 84' lang='lat' dir='ltr'>avellere.</span> <span class='ocrx_word' id='word_1_271' title='bbox 569 3109 706 3175; x_wconf 85' lang='lat' dir='ltr'>Acutius</span> <span class='ocrx_word' id='word_1_272' title='bbox 730 3108 919 3196; x_wconf 77' lang='lat' dir='ltr'>Carneades,</span> <span class='ocrx_word' id='word_1_273' title='bbox 942 3111 998 3195; x_wconf 92' lang='lat' dir='ltr'>qui</span> <span class='ocrx_word' id='word_1_274' title='bbox 1022 3111 1158 3177; x_wconf 84' lang='lat' dir='ltr'>docebat</span> 
     </span>
     <span class='ocr_line' id='line_1_35' title="bbox 149 3197 1157 3284; baseline 0.001 -22"><span class='ocrx_word' id='word_1_275' title='bbox 149 3220 245 3284; x_wconf 89' lang='lat' dir='ltr'>posse</span> <span class='ocrx_word' id='word_1_276' title='bbox 268 3197 446 3282; x_wconf 88' lang='lat' dir='ltr'>Epicureos</span> <span class='ocrx_word' id='word_1_277' title='bbox 476 3217 567 3262; x_wconf 83' lang='lat' dir='ltr'>suom</span> <span class='ocrx_word' id='word_1_278' title='bbox 595 3219 727 3264; x_wconf 89' lang='lat' dir='ltr'>causam</span> <span class='ocrx_word' id='word_1_279' title='bbox 755 3199 825 3264; x_wconf 90' lang='lat' dir='ltr'>sine</span> <span class='ocrx_word' id='word_1_280' title='bbox 848 3198 908 3264; x_wconf 83' lang='lat' dir='ltr'>hoc</span> <span class='ocrx_word' id='word_1_281' title='bbox 932 3199 1157 3265; x_wconf 86' lang='lat' dir='ltr'>commenticia</span> 
     </span>
     <span class='ocr_line' id='line_1_36' title="bbox 150 3283 1191 3374; baseline 0 -24"><span class='ocrx_word' id='word_1_282' title='bbox 150 3285 364 3350; x_wconf 88' lang='lat' dir='ltr'>declinatione</span> <span class='ocrx_word' id='word_1_283' title='bbox 388 3283 564 3349; x_wconf 86' lang='lat' dir='ltr'>defendere.</span> <span class='ocrx_word' id='word_1_284' title='bbox 600 3283 686 3351; x_wconf 87' lang='lat' dir='ltr'>Nam</span> <span class='ocrx_word' id='word_1_285' title='bbox 709 3308 783 3352; x_wconf 90' lang='lat' dir='ltr'>cum</span> <span class='ocrx_word' id='word_1_286' title='bbox 803 3287 954 3352; x_wconf 89' lang='lat' dir='ltr'>docerent</span> <span class='ocrx_word' id='word_1_287' title='bbox 973 3309 1044 3352; x_wconf 88' lang='lat' dir='ltr'>esse</span> <span class='ocrx_word' id='word_1_288' title='bbox 1061 3307 1157 3374; x_wconf 87' lang='lat' dir='ltr'>posse</span> <span class='ocrx_word' id='word_1_289' title='bbox 1169 3301 1191 3342; x_wconf 79' lang='lat'>³⁵</span> 
     </span>
     <span class='ocr_line' id='line_1_37' title="bbox 150 3371 1158 3460; baseline 0.001 -23"><span class='ocrx_word' id='word_1_290' title='bbox 150 3371 310 3456; x_wconf 86' lang='lat' dir='ltr'>quendam</span> <span class='ocrx_word' id='word_1_291' title='bbox 340 3372 439 3436; x_wconf 90' lang='lat' dir='ltr'>animi</span> <span class='ocrx_word' id='word_1_292' title='bbox 468 3375 594 3437; x_wconf 91' lang='lat' dir='ltr'>motum</span> <span class='ocrx_word' id='word_1_293' title='bbox 621 3373 856 3460; x_wconf 86' lang='lat' dir='ltr'>voluntarium,</span> <span class='ocrx_word' id='word_1_294' title='bbox 882 3375 915 3439; x_wconf 93' lang='lat' dir='ltr'>id</span> <span class='ocrx_word' id='word_1_295' title='bbox 941 3373 1005 3440; x_wconf 88' lang='lat' dir='ltr'>fuit</span> <span class='ocrx_word' id='word_1_296' title='bbox 1031 3374 1158 3441; x_wconf 88' lang='lat' dir='ltr'>defendi</span> 
     </span>
     <span class='ocr_line' id='line_1_38' title="bbox 150 3458 1157 3550; baseline 0.007 -27"><span class='ocrx_word' id='word_1_297' title='bbox 150 3460 265 3523; x_wconf 87' lang='lat' dir='ltr'>melius</span> <span class='ocrx_word' id='word_1_298' title='bbox 297 3479 393 3541; x_wconf 88' lang='lat' dir='ltr'>quam</span> <span class='ocrx_word' id='word_1_299' title='bbox 423 3458 626 3524; x_wconf 89' lang='lat' dir='ltr'>introducere</span> <span class='ocrx_word' id='word_1_300' title='bbox 655 3461 916 3547; x_wconf 86' lang='lat' dir='ltr'>declinationem,</span> <span class='ocrx_word' id='word_1_301' title='bbox 947 3463 1039 3530; x_wconf 86' lang='lat' dir='ltr'>cuius</span> <span class='ocrx_word' id='word_1_302' title='bbox 1068 3483 1157 3550; x_wconf 74' lang='lat' dir='ltr'>prae</span> 
     </span>
    </p>
   </div>
   <div class='ocr_carea' id='block_1_3' title="bbox 0 0 1235 3938">
    <p class='ocr_par' dir='ltr' id='par_1_7' title="bbox 0 0 1235 3938">
     <span class='ocr_line' id='line_1_39' title="bbox 0 0 1235 3938; baseline 0 0"><span class='ocrx_word' id='word_1_303' title='bbox 0 0 1235 3938; x_wconf 95' lang='lat' dir='ltr'> </span> 
     </span>
    </p>
   </div>
  </div>
 </body>
</html>
