2458 3934
162 127 229 193 200
514 125 563 180 DE
582 123 824 181 DIVINATIONE

164 271 256 355 sulit,
283 291 379 355 quem
402 269 597 335 admodum
620 268 664 333 sit
686 269 983 354 amputantibus,
1009 291 1084 336 cum
1105 269 1163 334 fra-

162 358 278 444 tribus,
301 379 376 423 cum
398 357 510 424 amicis
533 357 729 423 vivendum?
753 379 848 442 quem
871 357 1063 422 admodum
1080 362 1165 422 uteu-

165 447 240 512 dum
262 445 409 532 pecunia,
431 467 527 531 quem
550 445 591 510 ad
614 445 745 510 modum
767 445 898 529 honore,
922 467 1017 530 quem
1041 445 1083 510 ad
1105 468 1166 510 mo

165 533 242 600 dum
272 534 432 620 imperio?
470 533 522 598 Ad
556 533 717 617 sapientes
750 532 843 615 haec,
873 554 941 598 non
971 533 1012 598 ad
1045 533 1167 598 divinos
1197 558 1199 652 Ι

164 621 278 688 referri
297 623 412 688 solent.
450 620 556 696 Quid?
578 643 661 705 quae
679 644 700 686 a
718 620 894 687 dialecticis
913 625 970 688 aut
988 644 1008 686 a
1026 620 1167 707 physicis
1179 641 1200 738 a,

165 714 361 794 tractantur,
388 732 467 775 num
494 709 570 794 quid
594 730 705 776 eorum
729 709 867 775 divinari
888 709 1020 794 potest?
1049 731 1169 776 unusne
1200 756 1201 818 ,

166 798 303 863 mundus
326 797 371 864 sit
393 820 436 864 an
458 798 577 883 plures,
600 819 683 880 quae
705 797 772 862 sint
794 797 889 862 initia
906 799 1024 881 rerum,
1049 819 1090 864 ex
1108 797 1170 881 qui-

165 887 227 952 bus
251 889 429 952 nascuntur
451 885 573 951 omnia:
599 884 809 969 physicorum
832 889 883 950 est
904 885 970 950 ista
992 886 1170 970 prudentia.

166 973 236 1050 Quo
263 976 359 1041 modo
383 977 492 1041 autem
515 973 740 1057 mentientem,
768 995 863 1058 quem
886 970 1101 1057 ψευδόμενον
1123 995 1171 1038 vo

167 1066 256 1148 cant,
286 1063 445 1128 dissolvas
475 1064 533 1127 aut
563 1082 658 1145 quem
688 1061 728 1126 ad
757 1060 890 1126 modum
917 1062 1013 1126 soriti
1041 1054 1204 1128 resistasol

167 1147 286 1237 (quem,
310 1151 338 1214 si
360 1171 488 1216 necesse
512 1150 565 1233 sit,
587 1148 704 1214 Latino
723 1150 823 1216 verbo
842 1149 940 1214 liceat
958 1151 1171 1216 acervalem
1204 1154 1205 1172 ¹

167 1237 892 1392 titt?ttldtlll'ttttttt
906 1236 1171 1392 'inlidit

807 1375 817 1408 ²

166 1348 284 1478 latino
309 1433 454 1478 sermone
477 1413 576 1478 tritus
600 1412 676 1498 est):
703 1434 781 1499 ergo
804 1414 884 1480 haec
906 1435 1037 1498 quoque
1062 1415 1172 1480 dialec-

166 1501 224 1566 tici
247 1499 366 1585 dicent,
388 1521 455 1566 non
477 1500 585 1566 divini.
626 1500 731 1577 Quid?
754 1523 827 1566 cum
850 1502 1031 1586 quaeritur,
1057 1503 1113 1587 qui
1134 1502 1172 1567 sit
1184 1517 1209 1562 1⁵,

168 1587 311 1676 optimus
338 1587 385 1654 rei
412 1589 560 1674 publicae
588 1592 708 1673 status,
740 1611 823 1673 quae
850 1591 953 1676 leges,
985 1591 1045 1674 qui
1072 1611 1171 1656 mores

168 1681 225 1745 aut
247 1679 345 1744 utiles
369 1681 425 1742 aut
447 1676 589 1761 inutiles,
610 1677 841 1762 haruspicesne
864 1699 903 1742 ex
919 1677 1059 1744 Etruria
1079 1700 1173 1744 arces·

169 1771 289 1850 santur,
308 1788 350 1832 an
390 1765 529 1850 rinoipes
544 1768 689 1831 statuent
703 1768 736 1830 et
751 1766 865 1832 delecti
878 1765 942 1831 viri
955 1767 1057 1851 periti
1072 1788 1172 1832 rerum

112 1867 150 1916 ra
169 1855 334 1922 civilium?
358 1790 479 1930 duodsi
499 1875 558 1919 neo
572 1875 683 1919 earum
696 1875 814 1937 rerum,
832 1875 914 1938 quae
929 1853 1097 1920 subiectae
1112 1876 1173 1919 sen·
1211 1846 1212 1854 ¹

170 1943 259 2008 sibus
283 1946 368 2026 sunt,
387 1942 457 2007 ulla
478 1940 634 2007 divinatio
658 1946 709 2006 est
728 1963 926 2025 neccarum,
949 1963 1031 2026 quae
1052 1943 1213 2009 artibusm

169 2030 383 2115 continentur,
396 2051 456 2096 nec
469 2051 588 2114 aarum,
602 2051 684 2113 quaa
698 2028 732 2093 in
745 2029 956 2114 philosophia
965 2029 1173 2112 disseruntur,

168 2139 228 2183 nec
244 2139 363 2204 earum,
382 2140 464 2203 quae
477 2117 512 2182 in
525 2139 560 2182 re
573 2117 705 2201 publica
718 2121 897 2201 versantur,
917 2140 1057 2202 quarum
1072 2139 1174 2186 rerum

171 2204 227 2289 sit,
253 2203 336 2270 nihil
364 2227 496 2291 prorsus
523 2205 694 2290 intelleg03
720 2227 797 2271 nam
825 2209 882 2271 aut
909 2205 1056 2272 omnium
1085 2207 1174 2272 debet

170 2314 249 2378 esse,
273 2297 329 2359 aut
352 2293 462 2379 aliqua
484 2293 514 2358 ei
536 2292 674 2358 materia
692 2293 801 2358 danda
824 2296 887 2377 est,
909 2293 944 2357 in
967 2316 1032 2378 qua
1056 2293 1174 2361 versari

169 2381 283 2468 possit.
320 2379 384 2447 Sed
400 2403 460 2447 nec
478 2381 622 2447 omnium
641 2380 797 2446 divinatio
816 2384 880 2465 est,
898 2385 937 2446 ut
954 2383 1039 2447 ratio
1061 2383 1173 2464 docuit,
1185 2395 1205 2436 2⁵

168 2491 228 2536 neo
251 2470 341 2536 locus
358 2490 417 2536 nec
436 2469 573 2535 materia
589 2469 761 2554 invenitur,
777 2469 828 2534 cui
842 2468 1076 2536 divinationem
1090 2491 1175 2557 prae-

128 2563 153 2627 5
170 2558 264 2623 ficere
278 2558 449 2643 possimus.
472 2558 556 2623 Vide
573 2556 683 2643 igitur,
701 2579 742 2622 ne
759 2558 851 2622 nulla
870 2557 914 2622 sit
928 2557 1097 2645 divinatio.
1118 2558 1175 2624 Est

171 2645 302 2731 quidam
325 2645 466 2712 Graecus
494 2643 640 2732 vulgaris
667 2645 702 2710 in
726 2645 810 2711 hanc
833 2646 1029 2711 sententiam
1051 2667 1175 2714 versus:

221 2731 337 2814 vBene
370 2730 438 2819 qui
467 2732 647 2816 coniciet,
678 2732 933 2798 vitem'huno
964 2733 1175 2818 perhibebo

881 2822 1091 2906 optumum.

170 2905 259 2973 Num
282 2909 384 2994 igitur
407 2913 472 2994 aut,
496 2931 578 2993 quae
601 2913 779 2994 tempestas
797 2908 981 2994 impendeat,
1003 2913 1097 2976 vates
1115 2923 1207 2976 mes⁰

170 2995 235 3060 lius
272 2995 408 3060 coniciet
440 3020 537 3082 quam
570 2998 768 3084 gubernator
800 3001 857 3062 aut
888 2997 996 3062 morbi
1026 3002 1175 3064 naturam

173 3083 298 3150 acutius
322 3104 420 3169 quam
438 3085 580 3150 medicus
599 3089 656 3150 aut
674 3085 754 3150 belli
772 3084 1089 3152 administrationem
1106 3107 1175 3172 pru-

173 3171 300 3238 dentius
323 3193 421 3257 quam
444 3171 610 3256 inperator
633 3173 818 3238 coniectura
841 3173 1059 3257 adsequatur?

120 3273 154 3323 ra
239 3257 302 3325 Sed
329 3259 556 3343 animadverti,
583 3258 714 3346 Quinte,
741 3265 774 3325 te
802 3264 895 3326 caute
923 3264 956 3326 et
978 3261 1020 3326 ab
1043 3262 1084 3328 iis
1107 3282 1174 3328 con-

171 3345 318 3431 iecturis,
348 3369 429 3431 quae
456 3347 615 3412 haberent
642 3353 746 3412 artem
774 3352 872 3432 atque
898 3349 1116 3434 prudentiam,
1144 3351 1206 3412 et³⁵

172 3435 215 3500 ab
234 3435 275 3498 iis
293 3434 398 3519 rebus,
422 3455 503 3518 quae
522 3433 669 3498 sensibus
689 3441 746 3500 aut
765 3435 910 3500 artificiis
928 3436 1174 3522 perciperentur,
