2478 3936
329 193 398 248 LIB.
417 194 451 249 ΙΙ.
471 193 545 248 CAP.
566 197 644 248 3-5.
663 198 678 258 ξ
697 199 793 248 9-14.
1022 194 1064 256 51

68 337 218 422 auspicari
246 340 333 401 esset
361 335 496 419 oblitus3
524 337 633 420 itaque
662 336 743 400 vitio
768 340 894 402 creatos
918 337 1066 402 eonsules

69 447 140 488 esse.
183 425 335 511 Augures
358 446 428 488 rem
451 424 491 488 ad
514 427 676 507 senatum3
707 427 853 503 senatus,
880 428 918 490 ut
941 425 1067 490 abdica·

67 517 135 576 rent
151 514 312 596 consules3
331 511 570 577 abdicaverunt.
607 511 695 586 Quae
715 513 899 597 quaerimus
918 513 1067 597 exempla

68 602 204 666 maiora?
253 599 315 664 Vir
351 600 609 685 sapientissimus
647 603 744 684 atque
775 601 863 665 haud
892 601 992 666 sciam
1024 623 1067 665 an

43 689 203 754 somnium
225 688 526 774 praestantissimus
549 691 718 772 peccatum
738 711 841 772 suum,
865 689 951 774 quod
968 689 1067 754 celari

65 782 183 860 posset,
213 776 361 841 confiteri
386 776 502 841 maluit
530 797 627 859 quam
653 776 786 840 haerere
813 778 847 842 in
874 799 909 842 re
936 778 1068 862 publica

64 865 260 950 religionem,
285 863 434 929 consulas
457 885 619 928 summum
640 864 813 948 imperium
837 867 950 930 statim
973 866 1067 950 depo·

65 974 135 1016 nere
158 975 257 1037 quam
278 951 313 1016 id
331 955 441 1016 tenere
458 955 616 1038 punctum
634 953 791 1038 temporis
812 957 925 1018 contra
939 954 1067 1038 religio-

64 1063 141 1105 nem.
181 1039 304 1126 Magna
326 1061 487 1125 augurum
509 1040 700 1124 auctoritas3
729 1039 827 1124 quid?
859 1042 1066 1125 haruspicum
1085 1055 1119 1108 12

34 1149 54 1186 u
66 1151 113 1192 ars
131 1151 238 1194 nonne
258 1127 389 1192 divina?
419 1127 509 1192 Haec
527 1134 556 1194 et
572 1128 822 1193 innumerabilia
836 1149 875 1193 ex
888 1129 1000 1194 eodem
1015 1150 1067 1214 ge·

63 1239 134 1280 nere
162 1217 219 1301 qui
249 1215 372 1299 videat,
404 1237 510 1280 nonne
538 1220 675 1301 cogatur
702 1216 848 1282 confiteri
875 1217 951 1283 deos
975 1219 1067 1283 esse‘?

64 1303 204 1377 Quorum
230 1304 318 1368 enim
344 1304 538 1388 interpretes
566 1308 655 1387 sunt,
687 1325 742 1369 cos
770 1305 859 1389 ipsos
888 1327 958 1370 esse
981 1310 1068 1370 certe

63 1414 189 1457 neeesse
223 1395 288 1475 est3
325 1391 457 1458 deorum
493 1395 602 1456 autem
638 1393 831 1477 interpretes
865 1398 954 1477 sunt3
991 1395 1067 1458 deos

64 1480 161 1565 igitur
183 1501 254 1544 esse
272 1480 442 1544 fateamur.
478 1479 524 1544 At
542 1479 682 1544 fortasse
699 1501 766 1546 non
784 1483 893 1546 omnia
908 1482 1069 1564 eveniunt,

36 1586 54 1623 1⁵
66 1591 142 1650 quae
177 1567 345 1653 praedicta
381 1571 465 1632 sunt.
519 1566 570 1631 Ne
607 1569 697 1654 aegri
733 1568 862 1652 quidem
894 1570 971 1654 quia
1002 1591 1069 1634 non

66 1678 170 1720 omncs
198 1656 443 1738 convalescunt,
475 1655 593 1720 idcirco
623 1677 675 1720 ars
702 1656 794 1720 nulla
821 1657 980 1722 medicina
1010 1661 1068 1720 est.

66 1741 161 1828 Signa
184 1743 399 1807 ostenduntur
421 1765 440 1807 a
464 1743 512 1807 dis
536 1765 644 1808 rerum
665 1743 858 1807 futurarum.
903 1743 943 1808 In
964 1744 1016 1807 his
1041 1744 1070 1808 si

67 1833 116 1914 qui
149 1835 350 1914 erraverunt,
386 1851 452 1896 non
485 1831 617 1896 deorum
647 1835 780 1913 natura,
813 1831 870 1896 sed
900 1831 1070 1897 hominum

13 1939 15 1946 ‘
67 1921 245 1985 coniectura
267 1918 422 2003 peccavit.
457 1917 573 2003 Itaque
595 1919 680 1984 inter
702 1920 807 1984 omnis
831 1920 975 1984 omnium
994 1941 1069 2006 gen-

40 2008 144 2072 ²⁰tium
173 2029 301 2072 summa
328 2011 470 2090 constat3
502 2006 652 2071 omnibus
681 2007 766 2072 enim
791 2008 940 2086 innatum
963 2012 1013 2073 cst
1036 2013 1069 2073 et

68 2095 98 2158 in
129 2095 237 2160 animo
267 2095 361 2180 quasi
386 2095 585 2178 insculptum
613 2116 684 2159 esse
711 2094 797 2162 deos.
847 2095 965 2171 Quales
994 2097 1068 2181 sint,
1086 2067 1121 2196 ff,

69 2184 184 2248 varium
211 2186 484 2266 est,essene1no
508 2185 616 2268 negat.
663 2181 837 2248 Cleanthes
861 2185 991 2268 quidem
1013 2207 1068 2250 no-

72 2275 129 2335 ster
157 2275 312 2356 quattuor
340 2271 378 2336 de
400 2270 507 2335 causis
531 2271 611 2334 dixit
634 2270 668 2336 in
691 2271 808 2337 animis
830 2272 1000 2337 hominum
1023 2273 1069 2337 in·

71 2358 219 2424 formatas
244 2359 376 2424 deorum
400 2380 470 2422 esse
492 2359 650 2423 notiones.
687 2358 831 2424 Primam
854 2360 964 2444 posuit
989 2381 1069 2444 eam,

44 2446 106 2510 ade
136 2470 200 2530 qua
226 2446 322 2512 modo
351 2446 430 2530 dixi,
462 2469 544 2531 quae
572 2451 645 2512 orta
672 2452 757 2512 esset
781 2469 819 2511 ex
841 2446 1069 2531 praesensione

72 2557 169 2599 rerum
188 2534 385 2619 futurarum3
409 2535 555 2618 alteram,
575 2556 672 2618 quam
691 2535 870 2619 ceperimus
889 2555 928 2598 ex
947 2534 1069 2619 magni-

72 2623 172 2688 tudine
201 2622 456 2706 commodorum,
487 2644 568 2706 quae
595 2622 817 2707 percipiuntur
844 2621 927 2686 caeli
949 2625 1069 2707 tempe

73 2712 201 2795 ratione,
227 2711 426 2775 fecunditate
453 2714 613 2775 terrarum
637 2711 838 2794 aliarumque
861 2710 1069 2775 commodita-

74 2801 134 2862 tum
155 2798 358 2883 conplurium
381 2798 486 2883 copia3
513 2799 654 2881 tertiam,
678 2819 760 2882 quae
783 2801 920 2862 terreret
943 2799 1069 2866 animos
1089 2812 1123 2866 14

46 2899 65 2938 ³0
75 2883 262 2971 fulminibus,
280 2885 539 2971 tempestatibus,
552 2886 681 2966 nimbis,
694 2886 833 2970 nivibus,
847 2887 1070 2973 grandinibus,

75 2975 228 3058 vastitate,
251 2974 447 3058 pestilentia,
470 2977 575 3038 terrae
599 2973 741 3038 motibus
765 2977 798 3040 ct
822 2995 917 3060 saepe
935 2977 1070 3042 fremiti-

75 3059 125 3125 bus
159 3062 358 3147 lapideisque
393 3062 552 3126 imbribus
589 3065 621 3126 et
656 3062 759 3147 guttis
790 3063 944 3130 imbrium
976 3065 1070 3148 quasi

27 3169 29 3268 q
76 3151 212 3234 cruentis,
232 3153 303 3214 tum
321 3149 451 3214 labibus
471 3153 527 3214 aut
545 3150 721 3233 repentinis
740 3155 902 3217 terrarum
915 3153 1070 3235 hiatibus,

28 3269 30 3312 q
77 3239 134 3301 tum
154 3241 284 3323 praeter
304 3242 457 3302 naturam
473 3236 642 3303 hominurn
659 3239 880 3322 pecudumque
898 3238 1069 3322 portentis,

30 3327 136 3390 ,stum
162 3325 287 3392 facibus
318 3325 397 3391 visis
428 3325 634 3408 caelestibus,
667 3330 737 3392 tum
769 3325 874 3392 stellis
902 3325 956 3408 iis,
990 3345 1069 3408 quas

30 3455 33 3496 ,
80 3409 180 3478 Graeci
201 3416 353 3498 cometas,
375 3413 481 3478 nostri
499 3413 699 3479 cincinnatas
717 3416 843 3496 vocant,
867 3433 949 3496 quac
967 3433 1071 3495 nuper

80 3497 152 3566 bello
170 3500 347 3567 Octaviano
371 3523 564 3587 magnarum
586 3501 717 3565 filerunt
737 3500 961 3566 calamitatum
980 3520 1070 3582 prae-

873 3599 910 3652 4*
