2452 3938
287 196 355 251 affl.
375 197 409 254 11.
430 196 505 254 cnr.
525 203 630 254 ‹rr-ec
649 203 664 264 ξ
684 203 831 253 rar-raa.
1000 197 1066 262 245

61 342 254 426 quantulum
266 341 373 406 visum
387 344 437 405 est
452 341 490 406 de
505 343 649 427 argento.
681 341 764 406 'Pum
776 337 847 406 ille:
867 338 1066 425 ‘Nihilne',

59 429 178 514 inquit,
211 428 270 493 ‘de
299 427 478 493 vitello?’
510 428 543 494 id
571 429 656 493 enim
683 429 713 494 ei
739 449 778 494 ex
806 449 867 494 ovo
895 427 1068 494 videbatur

60 535 175 582 aurum
198 517 387 601 declarasse,
409 516 571 601 reliquum
590 521 769 602 argentum.
801 515 947 582 Nemone
965 516 1067 602 igitur

59 627 214 690 umquam
242 605 325 669 alius
354 625 452 670 ovum
478 605 675 670 somniavit?
702 627 759 670 cur
781 625 859 690 ergo
882 605 935 670 hic
957 605 1066 671 nescio

38 711 48 751 a
60 693 112 778 qui
130 692 345 758 thensaurum
359 693 448 758 solua
463 692 609 758 invenit?
628 713 726 777 quam
739 692 836 757 multi
848 693 962 777 inopes
976 692 1067 778 digni

58 781 221 866 praesidio
252 781 384 845 deorum
410 780 502 845 nullo
532 780 656 845 somnio
681 780 722 846 ad
744 780 956 846 thensaurum
977 801 1066 865 repe·

58 869 206 934 riendum
234 868 461 933 admonentur!
501 865 606 944 Quam
633 871 742 933 autem
770 869 813 933 cb
840 889 970 934 causam
997 871 1067 934 tam

59 962 106 1021 est
128 957 267 1022 obscure
286 956 480 1039 admonitus,
502 960 540 1021 ut
558 977 597 1020 ex
615 977 676 1021 ovo
694 959 881 1021 nasceretur
898 955 1068 1022 thensauri

59 1044 253 1128 similitude,
279 1044 388 1128 potius
417 1065 514 1127 quam
542 1047 652 1128 aperte
678 1044 890 1110 thensaurum
914 1063 1067 1127 quaerere

29 1149 48 1188 1⁰
59 1133 235 1216 iuberetur,
255 1132 338 1197 sicut
357 1135 467 1216 aperte
483 1129 665 1197 Simonides
682 1132 803 1197 vetitus
822 1135 872 1196 est
888 1130 1066 1217 navigare?

58 1219 147 1306 Ergo
180 1220 318 1285 obscura
346 1219 473 1285 somnia
499 1219 631 1285 minima
655 1222 872 1286 consentanea
893 1218 1058 1286 maiestati
1069 1229 1118 1280 135

59 1309 202 1373 deorum.

122 1395 179 1460 Ad
203 1398 316 1480 aperta
339 1397 373 1459 et
395 1395 484 1460 clara
504 1394 680 1480 veniamus,
704 1396 799 1480 quale
818 1400 868 1470 est
887 1395 924 1461 de
943 1397 1001 1462 illo
1020 1396 1066 1460 in·
1076 1397 1119 1464 66

59 1483 196 1549 terfecto
225 1505 245 1548 a
272 1505 415 1568 caupone
437 1481 594 1569 Megaris,
622 1484 717 1566 quale
745 1483 783 1549 de
806 1481 984 1569 Simonide,
1012 1483 1068 1568 qui

28 1587 48 1626 1⁵
60 1573 97 1636 ab
130 1593 186 1655 eo,
219 1593 315 1655 quem
346 1570 512 1654 humarat,
543 1571 664 1636 vetitus
697 1575 748 1635 est
773 1573 942 1658 navigare,
971 1573 1067 1655 quale

60 1660 159 1724 etiam
178 1658 218 1723 de
235 1656 428 1743 Alexandro,
447 1659 533 1742 quod
551 1681 571 1724 a
588 1662 621 1723 te
639 1658 851 1742 praeteritum
870 1680 939 1723 esse
958 1659 1068 1742 miror,

60 1745 187 1822 Quinte.
228 1745 309 1811 Cum
331 1747 553 1830 Ptolomaeus,
579 1745 752 1811 familiaris
776 1746 858 1830 eius,
885 1747 920 1810 in
942 1746 1067 1830 proelio

60 1835 123 1901 telo
154 1837 315 1900 venenato
342 1835 425 1900 ictus
454 1839 539 1900 esset
567 1855 667 1919 eoque
689 1834 822 1899 vulnere
845 1855 971 1899 summo
994 1856 1067 1899 cum

60 1922 171 1989 dolore
195 1925 383 2006 moreretur,
406 1921 590 1987 Alexander
613 1922 761 1987 adsidens
785 1943 898 1987 somno
923 1925 972 1986 est
995 1943 1068 1987 con-

29 2025 50 2066 20
62 2011 197 2096 sopitus.
229 2009 312 2075 Tum
331 2010 505 2076 secundum
524 2010 665 2094 quietem
682 2009 772 2076 visus
791 2011 821 2075 ei
840 2010 957 2076 dicitur
971 2010 1067 2076 draco

60 2099 99 2182 is,
123 2120 222 2182 quem
245 2099 351 2163 mater
372 2097 541 2182 Olympias
565 2099 682 2182 alebat,
705 2099 883 2164 radiculam
906 2119 960 2164 ore
981 2097 1068 2163 ferre

61 2191 91 2251 et
109 2187 209 2251 simul
229 2186 342 2270 dicere,
361 2208 424 2270 quo
443 2186 502 2250 illa
520 2186 585 2250 loci
597 2191 783 2252 nasceretur
796 2183 913 2272 (neque
926 2187 955 2252 is
969 2188 1067 2273 longe

61 2276 174 2340 aberat
202 2274 244 2338 ab
269 2295 306 2338 eo
329 2272 431 2360 loco),
458 2273 526 2338 eius
550 2277 658 2339 autem
681 2295 751 2340 esse
774 2275 840 2340 vim
863 2278 1003 2358 tantam,
1030 2278 1068 2339 ut

60 2361 287 2428 Ptolomaeum
308 2361 405 2426 facile
429 2365 567 2426 sanaret.
603 2360 685 2427 Cum
704 2361 887 2427 Alexander
905 2383 1068 2446 experrec-

30 2453 114 2515 otus
137 2454 306 2515 narrasset
329 2449 440 2514 amicis
465 2450 634 2533 somnium,
658 2450 769 2514 emissi
792 2452 875 2532 sunt,
898 2450 954 2532 qui
976 2449 1067 2514 illam

62 2539 242 2604 radiculam
265 2541 469 2622 quaererent3
493 2559 556 2622 qua
578 2538 710 2602 inventa
733 2539 766 2601 et
787 2535 995 2602 Ptolomaeus
1020 2559 1068 2602 sa-

60 2630 155 2691 natus
180 2626 298 2691 dicitur
317 2629 350 2690 et
367 2625 464 2691 multi
481 2625 611 2709 milites,
635 2625 691 2708 qui
709 2627 802 2690 erant
819 2623 931 2690 codem
951 2645 1067 2710 genere

61 2715 117 2778 teli
137 2714 310 2780 vulnerati.
341 2713 449 2778 Multa
468 2714 567 2778 etiam
585 2717 662 2778 sunt
680 2735 700 2776 a
717 2716 751 2777 te
770 2735 808 2776 ex
825 2711 971 2777 historiis
985 2726 1119 2796 pro-136

61 2801 128 2867 lata
147 2800 283 2886 somnia,
306 2801 419 2866 matris
436 2800 629 2884 Phalaridis,
649 2797 727 2883 cyri
745 2799 930 2884 superioris,
951 2801 1066 2867 matris

29 2887 219 2974 ³⁰Dionysii,
240 2888 342 2954 Poeni
360 2887 567 2972 Hamilcaris,
589 2887 794 2972 Hannibalis,
816 2887 851 2952 P.
870 2886 975 2972 Decii3
997 2911 1068 2974 per-

61 2978 231 3064 vulgatum
253 2977 319 3042 iam
342 2977 423 3042 illud
445 2977 484 3041 de
507 2976 670 3061 praesule,
693 2973 727 3040 O.
750 2974 889 3041 Gracchi
912 2977 1011 3042 etiam
1034 2981 1068 3042 et

62 3087 170 3131 recens
194 3063 367 3149 Caeciliae,
394 3063 549 3130 Baliarici
569 3065 669 3150 filiae,
698 3064 867 3130 somnium.
903 3061 966 3129 Sed
987 3064 1068 3130 haec

62 3157 194 3219 externa
223 3155 265 3218 ob
296 3174 431 3238 eamque
461 3175 593 3218 causam
619 3152 734 3238 ignota
758 3153 853 3218 nobis
882 3156 970 3235 sunt,
1001 3173 1068 3218 non

62 3242 152 3307 nulla
176 3241 275 3306 etiam
294 3241 371 3307 ficta
387 3241 537 3306 fortasse.
574 3239 653 3315 Quis
672 3241 757 3305 enim
776 3242 889 3306 auctor
905 3239 1066 3304 istorum?

32 3341 52 3383 ³⁵
63 3326 111 3394 De
128 3328 250 3395 nostris
270 3329 405 3394 somniis
425 3329 501 3414 quid
518 3329 675 3394 habemus
695 3328 820 3393 dicere?
838 3331 875 3391 tu
889 3326 928 3390 da
942 3347 1066 3392 emerso

65 3437 114 3482 me
145 3421 180 3482 et
207 3439 290 3502 equo
320 3416 361 3484 ad
389 3417 509 3502 ripam,
540 3437 601 3501 ego
629 3416 667 3480 de
693 3413 797 3480 Mario
825 3435 897 3480 cum
923 3413 1066 3479 fascibus

65 3503 218 3572 laureatis
249 3527 302 3572 me
332 3505 368 3570 in
399 3526 492 3570 suum
519 3503 633 3568 deduci
658 3502 788 3568 iubente
815 3505 1066 3568 monumentum.
