2452 3938
174 171 240 236 ‘230
516 171 565 225 DE
584 169 826 226 DIVINATIONE

175 337 285 381 eorum
311 315 346 380 vi
372 315 498 381 caelum
520 314 615 380 modo
638 314 714 398 hoc,
741 314 836 380 modo
857 314 917 380 illo
939 314 1035 380 modo
1056 318 1174 398 tempe
1211 373 1212 380 ,

174 407 276 486 ratur,
295 403 351 487 qui
367 405 479 488 potest
498 403 609 488 eadem
627 403 676 468 vis
696 423 765 466 esse
782 401 992 487 nascentium,
1011 424 1083 468 cum
1097 401 1174 466 caeli

173 494 268 554 tanta
296 490 340 553 sit
368 489 619 555 dissimilitudo?
650 489 691 554 In
712 490 763 554 his
786 489 880 574 locis,
907 512 990 573 quae
1011 510 1070 555 nos
1095 490 1176 554 inco

173 579 284 660 limus,
313 580 389 661 post
417 577 595 642 solstitium
623 575 778 642 Canicula
804 577 960 661 exoritur,
990 577 1176 661 etquidem

174 665 301 748 aliquot
319 665 440 748 diebus,
465 667 500 730 at
518 664 604 750 apud
618 663 844 750 Troglodytas,
867 668 904 729 ut
923 665 1085 749 scribitur,
1104 668 1176 730 ante
1197 681 1212 720 5Ἰ

175 753 365 835 solstitium,
393 756 443 836 ut,
472 751 501 816 si
522 752 588 817 iam
612 753 822 818 concedamus
846 751 970 837 aliquid
990 752 1058 818 vim
1082 752 1177 818 caele

176 845 259 906 stem
283 841 324 906 ad
346 861 415 923 eos,
442 839 497 923 qui
519 839 664 905 interra
687 839 878 926 gignuntur,
905 839 1083 924 pertinere,
1111 861 1178 905 con-

174 929 334 994 fitendum
358 928 402 992 sit
423 927 490 991 illis
515 949 583 1013 eos,
613 928 668 1012 qui
688 932 866 994 nascuntur
890 927 1001 993 eodem
1024 930 1177 1013 tempore,

174 1038 271 1103 posse
293 1016 328 1080 in
351 1014 517 1080 dissimilis
539 1015 679 1080 incidere
701 1019 835 1090 naturas
857 1018 992 1101 propter
1015 1016 1099 1081 caeli
1122 1015 1178 1079 dis·

176 1103 434 1186 similitudinem3
462 1103 548 1188 quod
569 1102 702 1168 minime
724 1104 791 1167 illis
813 1104 934 1188 placet3
956 1103 1075 1169 volunt
1098 1101 1212 1184 enimol

123 1192 227 1304 45illi
250 1192 354 1256 omnis
378 1190 490 1256 eodem
512 1194 658 1276 tempore
681 1195 781 1275 ortos,
803 1191 858 1275 qui
880 1189 999 1275 ubique
1018 1192 1088 1256 sint
1105 1191 1178 1272 nati,
1211 1215 1212 1226 ¹

124 1317 158 1366 94
177 1278 288 1344 eadem
311 1277 497 1344 condicione
513 1279 612 1344 nasci.
649 1275 712 1344 Sed
730 1300 812 1363 quae
829 1281 923 1344 tanta
942 1279 1107 1344 dementia
1125 1281 1178 1358 est,

176 1371 213 1431 ut
241 1366 277 1430 in
305 1366 464 1432 maxumis
494 1367 637 1431 motibus
667 1365 965 1450 mutationibusque
991 1367 1075 1431 caeli
1100 1365 1178 1432 nihil

176 1453 319 1537 intersit,
347 1453 402 1538 qui
428 1458 558 1538 ventus,
586 1453 641 1538 qui
662 1454 780 1538 imber,
808 1475 890 1538 quae
912 1458 1092 1538 tempestas
1116 1453 1178 1518 ubi·
1211 1469 1212 1484 ἢ

177 1541 488 1696 §uitetur
507 1563 623 1694 eu
639 1540 1206 1694 errulum-esu

176 1717 305 1784 eveniat
325 1739 420 1802 saepe
439 1652 636 1801 tenipestasi
653 1717 748 1801 quod,
771 1717 827 1801 qui
843 1679 1010 1801 navigant,
1032 1737 1177 1782 maxume

178 1805 452 1888 animadvertunt,
476 1827 547 1870 cum
570 1805 605 1868 in
625 1803 791 1870 flectendis
813 1804 1048 1890 promunturiis
1073 1809 1178 1870 vento
1211 1825 1212 1850 l

177 1915 249 1958 rum
272 1893 468 1957 mutationes
487 1913 653 1957 maxumas
674 1914 769 1976 saepe
788 1892 941 1957 sentiunt.
973 1891 1063 1957 Haec
1081 1893 1179 1978 igitur

121 2001 124 2006 ·
177 2003 250 2046 cum
278 1979 321 2043 sit
347 1983 418 2043 tum
446 1980 614 2063 serenitas,
641 1983 712 2044 tum
738 1979 942 2064 perturbatio
969 1980 1065 2063 caeli,
1092 1961 1212 2045 estnenl

178 2081 330 2132 sanorum
352 2067 520 2133 hominum
542 2067 603 2132 hoc
626 2067 668 2132 ad
688 2067 890 2132 nascentium
909 2071 1000 2132 ortus
1019 2068 1177 2152 pertinere

176 2176 243 2220 non
266 2153 369 2218 dicere
388 2154 487 2238 [quod
505 2177 571 2230 uon
589 2159 674 2220 certe
692 2155 856 2240 pertinet],
878 2155 960 2242 illud
977 2156 1087 2220 nescio
1106 2153 1178 2240 quid

176 2245 286 2325 tenue,
314 2241 400 2325 quod
427 2243 541 2306 sentiri
567 2242 657 2307 nullo
684 2242 794 2325 modo,
820 2242 968 2329 intellegi
996 2246 1107 2308 autem
1129 2243 1178 2307 vix

176 2332 299 2416 potest,
327 2350 409 2412 quae
437 2351 456 2394 a
479 2330 557 2394 luna
578 2331 756 2413 ceterisque
775 2330 933 2394 sideribus
957 2331 1039 2395 caeli
1061 2335 1177 2415 tempe
1211 2351 1212 2356 ¹

177 2417 261 2482 ratio
284 2417 351 2500 fiat,
375 2417 479 2482 dicere
502 2417 543 2481 ad
564 2439 736 2502 puerorum
756 2421 845 2482 ortus
864 2417 1050 2503 pertinere?
1077 2401 1212 2493 odolei

178 2504 264 2590 quod
285 2526 351 2569 non
373 2504 570 2590 intellegunt
592 2505 749 2569 seminum
771 2505 852 2588 vim,
879 2527 961 2589 quae
984 2504 1026 2570 ad
1049 2505 1178 2592 gignen-

178 2592 253 2657 dum
276 2591 572 2676 procreandumque
594 2592 769 2676 plurimum
791 2593 908 2676 valeat,
929 2593 1077 2658 funditus
1098 2592 1178 2674 tolli,
1211 2667 1212 2678 ἶ

178 2680 346 2744 mediocris
368 2679 488 2744 'erroris
513 2680 584 2744 est?
616 2678 695 2754 Quis
714 2679 800 2744 enim
816 2701 883 2745 non
900 2679 988 2744 videt
1007 2685 1041 2744 et
1058 2679 1177 2746 formas

179 2771 211 2832 et
241 2789 347 2831 mores
380 2770 413 2831 et
443 2767 614 2851 plerosque
646 2770 751 2833 status
780 2789 817 2832 ac
844 2772 952 2832 motus
980 2767 1135 2855 effingere
1160 2789 1178 2831 a

178 2855 366 2939 parentibus
385 2855 527 2919 liberos?
551 2853 636 2938 quod
653 2877 719 2919 non
737 2855 948 2941 contingeret,
971 2856 1000 2920 si
1017 2856 1100 2922 haec
1115 2843 1212 2928 nonlll

178 2941 227 3006 vis
250 2945 283 3005 et
304 2945 422 3006 natura
445 2942 647 3028 gignentium
671 2942 820 3027 efficeret,
843 2943 900 3007 sed
922 2943 1117 3028 temperatio
1134 2943 1177 3007 lu·

126 3040 159 3090 95
177 3050 238 3094 nae
270 3029 412 3112 caelique
442 3029 630 3095 moderatio.
670 3029 775 3106 Quid?
803 3030 888 3114 quod
915 3052 980 3096 uno
1007 3034 1041 3095 et
1068 3031 1176 3096 eodem

177 3117 333 3202 temporis
365 3120 484 3201 puncto
516 3117 587 3182 nati
618 3117 782 3182 dissimilis
810 3122 843 3182 et
873 3122 1007 3184 naturas
1035 3121 1068 3183 et
1096 3119 1175 3184 vitas

178 3208 211 3270 et
243 3226 335 3270 casus
366 3205 503 3287 habent,
539 3227 694 3288 parumne
726 3205 869 3271 declarat
898 3206 981 3270 nihil
1013 3204 1055 3270 ad
1086 3226 1175 3292 agen·

101 3375 104 3382 .
178 3292 253 3356 dam
275 3294 377 3357 vitam
398 3291 551 3355 nascendi
573 3295 701 3378 tempus
723 3293 906 3378 pertinere?
930 3293 995 3358 nisi
1015 3292 1103 3358 forte
1124 3285 1212 3378 pu-tll

177 3382 285 3443 tamus
307 3378 470 3443 neminem
492 3376 602 3441 eodem
625 3382 771 3465 tempore
793 3381 864 3465 ipso
888 3384 922 3445 et
939 3384 1130 3464 conceptum
1146 3383 1176 3444 et

178 3468 305 3548 natum,
333 3485 397 3547 quo
420 3462 617 3528 Africanum.
662 3462 750 3531 Num
777 3467 849 3551 quis
870 3468 973 3552 igitur
995 3468 1072 3532 talis
1094 3468 1174 3532 fuit?
