2490 3950
321 203 389 258 ms.
409 204 429 257 1.
453 201 527 256 orn
548 210 572 271 1,
590 209 615 257 s.
639 208 750 269 s1-s.
1020 201 1040 263 5

56 348 129 412 tione
153 369 260 412 rerum
282 351 412 430 vacent,
440 369 481 411 an
504 351 617 412 eontra
644 346 685 411 ab
712 346 752 410 iis
781 350 814 410 et
836 368 856 410 a
882 345 1040 430 principio

57 436 146 501 omnia
166 435 256 501 facta
278 440 311 500 et
334 436 512 501 constituta
530 435 596 500 sint
615 439 647 500 et
666 435 707 500 ad
727 434 889 498 infinitum
911 438 1041 518 tempus

55 529 190 609 regantur
213 529 312 608 atque
330 528 530 608 moveantur,
552 524 587 587 in
604 523 718 608 primis
741 544 861 608 magna
884 521 1040 587 dissensio

54 617 104 697 est,
131 634 231 698 eaque
257 613 321 677 nisi
345 612 550 695 diiudicatur,
576 611 611 675 iu
634 633 759 676 summo
783 632 890 676 errore
912 631 1041 676 neeesse

33 705 92 763 test
110 701 256 766 homines
284 705 382 785 atque
408 701 443 764 in
466 701 679 765 maximarum
702 721 809 764 rernm
836 700 1041 786 ignoratione

52 790 165 854 versari.
207 787 292 854 Sunt
310 788 396 854 enim
414 787 601 874 philosophi
619 793 652 852 et
673 787 813 873 fuerunt,
836 787 891 872 qui
909 788 1040 853 omnino
1055 769 1076 895 Ξ

51 878 157 942 nullam
179 877 303 942 habere
332 880 498 942 censerent
520 897 628 940 rerum
655 877 869 942 humanarum
892 898 1041 961 procura-

51 965 156 1031 tionem
178 966 267 1032 deos.
301 965 444 1041 Quorum
463 966 491 1029 si
509 986 586 1029 vera
604 965 765 1029 sententia
784 968 844 1048 est,
867 986 948 1047 quse
971 969 1042 1048 pot-

52 1059 182 1120 estesse
213 1055 336 1140 pietas,
360 1076 440 1137 quae
471 1053 640 1137 sanctitas,
665 1074 746 1136 quae
773 1051 912 1136 religio?
952 1051 1042 1117 Haec

25 1143 121 1206 neuim
146 1143 260 1207 omnia
286 1163 366 1226 pure
395 1146 491 1225 atque
519 1146 607 1207 caste
635 1140 807 1205 tribuenda
831 1140 963 1205 deorum
984 1162 1042 1205 nu-

51 1230 115 1294 mini
139 1232 187 1296 ita
217 1235 310 1315 sunt,
338 1231 366 1294 si
393 1230 694 1295 animadvertuntur
721 1229 761 1293 ab
792 1229 845 1313 iis,
873 1233 906 1294 et
934 1229 962 1293 si
991 1233 1041 1294 est

51 1318 155 1402 aliquid
178 1343 198 1384 a
218 1319 289 1384 deis
311 1319 538 1384 inmortalibus
557 1318 725 1383 hominum
744 1317 855 1404 generi
873 1318 1041 1382 tributum.

52 1402 95 1468 Sin
120 1411 232 1472 autem
260 1407 311 1471 dei
338 1428 441 1490 neque
470 1410 608 1492 possunt
630 1426 690 1471 nos
713 1406 823 1471 iuvare
846 1428 904 1472 nec
926 1406 1042 1472 volunt

51 1513 96 1558 neo
116 1497 250 1560 omnino
273 1499 387 1560 curant
408 1516 480 1579 nec,
503 1494 580 1578 quid
603 1516 747 1581 agamus,
770 1494 1042 1579 animadvertunt,

29 1597 43 1634 1³
53 1603 97 1647 nec
121 1589 181 1668 est,
210 1584 300 1668 quod
327 1584 369 1648 ab
395 1583 437 1647 iis
464 1583 505 1647 ad
527 1583 695 1647 hominum
722 1583 825 1648 vitam
852 1604 1041 1668 permanare

52 1671 150 1756 possit,
174 1672 256 1757 quid
283 1671 440 1755 estquod
466 1671 552 1735 ullos
581 1671 648 1736 deis
675 1671 903 1735 inmortalibus
927 1670 1042 1754 cultus,

53 1756 187 1843 honores,
219 1780 332 1845 preces
355 1759 586 1824 adhibeamus?
627 1759 667 1822 ln
689 1758 794 1844 specie
817 1762 925 1823 autem
948 1758 1042 1822 fictee

54 1845 271 1932 simulationis,
305 1847 388 1913 sient
409 1847 552 1931 reliquae
575 1847 726 1931 virtutes,
755 1846 833 1911 item
863 1847 967 1932 pietas
996 1845 1043 1910 in-

54 1954 108 1999 esse
132 1958 199 2002 non
228 1939 350 2022 potest,
379 1957 450 2000 cum
473 1957 537 2020 qna
560 1935 656 2000 simul
685 1935 892 2000 sanctitatem
915 1940 948 2000 et
970 1935 1042 2000 reli·

31 2023 166 2104 igionem
193 2025 272 2090 tolli
298 2045 428 2089 necesse
451 2028 514 2108 est,
538 2023 653 2107 quibus
678 2024 816 2088 sublatis
838 2023 1041 2109 perturbatio

54 2110 124 2176 sitae
155 2113 305 2197 sequitur
337 2117 370 2176 et
397 2133 516 2198 magna
543 2111 702 2195 confusi03
738 2118 835 2196 atque
861 2112 948 2177 haud
976 2113 1077 2181 scios

57 2200 226 2284 inpietate
249 2201 401 2265 adversus
425 2201 500 2266 deos
523 2201 652 2265 sublate
674 2200 753 2265 fides
772 2201 870 2266 etiem
890 2206 923 2266 et
946 2202 1043 2266 socie·

56 2288 95 2349 tas
114 2290 241 2374 generis
264 2289 398 2354 humani
421 2293 453 2353 et
474 2311 540 2353 una
567 2288 836 2363 excellentissima
858 2289 975 2373 virtus,
997 2289 1044 2353 iu·

57 2375 139 2461 stitis,
160 2378 309 2444 tollatur.
345 2374 427 2442 Sunt
450 2382 558 2441 autem
577 2375 633 2440 alii
655 2376 851 2463 philosophi,
874 2381 907 2441 et
928 2378 953 2442 ii
976 2377 1043 2460 qni-

32 2460 113 2527 oden
138 2466 253 2552 magni
282 2470 378 2550 atque
405 2465 545 2548 nobileS,
573 2466 629 2548 qui
652 2463 783 2530 deorum
811 2468 918 2529 mente
946 2468 1043 2549 atque

58 2551 163 2619 ratione
182 2575 313 2621 omnem
330 2554 484 2618 mundum
505 2553 726 2618 administrari
744 2557 777 2618 et
795 2553 865 2638 regi
883 2556 1043 2636 censeant,

57 2657 142 2722 neque
168 2663 248 2708 vero
269 2641 303 2705 id
331 2643 451 2725 solum,
482 2641 659 2706 sedetiam
687 2642 728 2707 ab
752 2640 854 2705 isdem
876 2639 1043 2705 hominum

59 2725 128 2792 sitae
153 2729 278 2797 consuli
302 2734 334 2795 et
361 2729 536 2814 provideri,
562 2734 694 2794 namet
719 2729 831 2814 fruges
855 2728 1043 2813 etreliqua,

60 2833 125 2894 quae
145 2822 235 2884 terra
256 2818 372 2904 pariat,
396 2822 428 2883 et
450 2821 662 2903 tempestates
679 2839 715 2883 ac
738 2821 920 2902 temporum
943 2817 1044 2883 varie-

34 2905 298 2989 statueretque
325 2907 535 2991 mutationes,
559 2906 675 2991 quibus
699 2906 820 2990 omnia,
848 2927 929 2990 quae
956 2911 1044 2972 terra

61 2989 166 3078 gignat,
188 2999 354 3060 maturata
371 2996 559 3080 pubescant,
582 2994 668 3059 adis
691 2993 919 3060 inmortalibus
942 2995 1044 3060 tribui

61 3083 153 3158 generi
173 3082 316 3148 humano
335 3087 452 3168 putant
474 3083 649 3167 multaque,
673 3104 754 3167 quae
773 3083 918 3149 dicentur
935 3083 971 3146 in
992 3083 1044 3147 his

62 3162 150 3255 libris,
181 3171 353 3258 colligrmt,
382 3192 463 3255 quae
485 3171 566 3237 talia
589 3175 677 3254 sunt,
705 3176 741 3236 ut
765 3193 801 3236 ea
831 3173 903 3257 ipsa
926 3169 977 3234 dei
999 3171 1045 3233 in-

63 3259 196 3324 mortales
221 3260 262 3325 ad
284 3281 377 3324 usum
395 3259 562 3325 hominum
580 3259 731 3325 fabricati
748 3281 850 3344 paene
867 3256 1045 3322 videantur.

41 3336 166 3438 ³⁵Contra
197 3370 278 3432 quos
311 3346 491 3414 Carneades
523 3348 571 3414 ita
599 3349 705 3413 multa
734 3345 899 3428 disseruit,
928 3347 965 3408 ut
995 3366 1045 3408 ex·

66 3433 159 3498 uteret
189 3436 336 3501 homines
367 3457 434 3501 non
469 3437 618 3502 socordes
654 3434 695 3501 ad
726 3435 794 3500 veri
827 3431 1045 3514 investigandi

68 3520 264 3603 cupiditatem.
308 3523 373 3589 Res
402 3524 487 3588 enim
513 3523 604 3588 nulla
631 3527 694 3606 est,
722 3522 760 3586 de
784 3542 847 3605 qua
876 3521 1079 3602 tantopere5
