2478 3936
144 167 201 224 LlB.
218 168 250 226 II.
270 166 345 222 GAP.
365 174 408 235 tt,
423 173 465 224 67.
484 173 665 234 §rot-168.
688 166 757 224 LIB.
771 167 819 223 111.
839 166 978 224 ARGUM.
1000 168 1061 235 107

304 385 353 458 Μ.
383 383 543 456 TULLII
571 383 817 458 CICERONIS

171 559 263 656 ss
299 557 607 689 slusa-A
643 555 952 660 ossuum

427 745 478 800 AD
491 745 528 800 M.
542 744 695 800 BRUTUM

375 895 513 955 LIBER
541 892 746 956 TERTIUS.

416 1173 710 1237 ARGUMENTUM.

129 1311 188 1367 Hoo
205 1310 280 1365 libro
300 1307 459 1364 continetur
477 1306 576 1363 Cottae
594 1307 758 1364 Academici
775 1308 873 1364 senua
886 1307 1011 1366 Stoicam
1028 1310 1064 1367 de

74 1381 108 1436 dis
128 1381 265 1437 rationem
287 1378 450 1450 disputatio.
487 1377 540 1445 Ea,
565 1379 599 1432 ut
616 1379 758 1449 superiore
775 1379 861 1448 libro,
885 1379 915 1436 in
933 1382 1065 1450 quattuor

72 1453 152 1520 partes
175 1451 328 1506 distributa
350 1451 400 1504 est.
436 1447 510 1504 Nam
531 1449 684 1520 praemisso
706 1449 850 1520 prooemio
875 1451 967 1522 prima
983 1455 1063 1522 parte

72 1521 111 1577 ille
126 1521 279 1594 respondet
296 1524 367 1591 (cap.
382 1525 450 1576 3-'1
470 1522 597 1590 §st-19)
616 1519 653 1574 ad
671 1535 712 1588 ea,
731 1519 831 1589 quibus
844 1519 949 1576 Balbus
964 1520 1064 1578 dooere

71 1594 188 1649 soluerat
211 1609 273 1648 esse
299 1591 374 1646 deos.
410 1589 452 1644 Ao
474 1590 595 1660 primum
618 1589 732 1658 quidem
750 1589 859 1645 Stoicos
878 1591 920 1646 ait
937 1607 996 1646 rem
1013 1592 1064 1646 mi-

69 1663 134 1720 nime
147 1662 263 1718 dubiam
276 1660 496 1732 argumentando
511 1660 627 1716 dubiam
638 1658 748 1727 fecisse,
766 1675 832 1714 nam
845 1675 898 1716 neo
912 1661 990 1730 vulgi
1005 1661 1064 1732 opi·

68 1733 141 1790 niune
163 1735 272 1790 tantam
289 1749 350 1788 rem
365 1731 484 1788 iudicari
500 1747 584 1802 posse
602 1745 656 1784 neo
673 1731 837 1800 argumento
855 1746 874 1785 a
891 1730 1064 1788 divinatione

68 1805 156 1874 petito.
193 1803 303 1860 Deinde
322 1801 466 1858 cleanthis
485 1804 515 1857 et
533 1799 685 1872 Chrysippi
700 1801 866 1870 argumenta
882 1800 1006 1856 breviter
1023 1819 1064 1858 re·

84 1875 221 1942 rehendit,
249 1890 416 1943 quamquam
439 1888 473 1928 ea
493 1889 559 1944 pars
581 1887 639 1927 non
660 1871 772 1941 Integra
794 1870 831 1926 ad
852 1888 904 1928 nos
926 1872 1063 1944 pervenit.

67 1893 185 2001 Reunia
204 1947 286 2016 parte
305 1946 376 2015 (cap.
391 1945 489 2016 8-25)
508 1941 602 1998 omnia
614 1957 649 1997 ea
661 1941 700 1997 im
721 1943 868 2026 ugnantur,
887 1959 958 2013 quae
972 1943 1007 1998 de
1021 1943 1064 1998 dis

67 2015 142 2086 ipsis,
167 2015 265 2086 quales
289 2017 394 2082 essent,
417 2012 562 2084 disputata
579 2014 666 2070 erant.
700 1960 801 2082 Itaque
818 2031 940 2138 luminum
957 2031 1015 2069 non
1032 2029 1066 2070 ea

67 2088 226 2158 argumenta
239 2085 331 2142 solum
345 2083 483 2151 dissolvit,
502 2083 602 2152 quibus
615 2083 728 2151 mundo,
743 2082 805 2151 soli,
831 2101 902 2142 unae
916 2083 1065 2140 sideribus-

66 2173 113 2225 que
135 2156 272 2212 divinitas
294 2154 439 2211 vindicata
460 2155 532 2222 erat,
558 2153 724 2222 sedetiam,
749 2169 783 2210 ea
800 2154 897 2226 opinio
916 2173 1001 2226 quam
1018 2156 1065 2212 ab·

67 2228 143 2282 surda
160 2227 209 2294 sit,
227 2225 355 2297 pluribus
374 2224 546 2296 argumentis
565 2224 750 2292 demonstrat3
773 2241 890 2294 quorum
908 2225 992 2283 facile
1009 2226 1065 2297 pri-

65 2299 176 2353 marium
200 2295 275 2352 illud
298 2297 354 2363 est,
380 2311 436 2365 quo
454 2293 610 2350 Carneades
633 2295 676 2350 uti
698 2295 808 2351 solebat
831 2298 928 2352 contra
946 2297 1065 2364 Stoicos,

65 2369 167 2423 nullum
188 2383 281 2437 neque
304 2382 404 2438 eorpus
425 2381 518 2435 neque
540 2363 655 2433 animal,
679 2366 754 2435 quod
771 2366 920 2436 patibilem
936 2369 1065 2422 naturam

65 2437 183 2505 baberet,
196 2436 355 2493 immortale
369 2437 399 2492 et
411 2437 555 2492 aeternum
568 2451 732 2506 anselmum,
746 2436 958 2492 immortalitate
971 2437 1066 2492 autem

65 2510 91 2564 et
106 2507 275 2564 aeternitate
294 2507 404 2562 sublata
420 2507 513 2588 ipsam
525 2505 703 2588 divinitatem
716 2505 789 2561 tolli.
817 2505 926 2561 Deinde
938 2505 1065 2577 po'etieos

66 2579 135 2649 deos,
155 2580 185 2635 et
204 2595 273 2648 quos
290 2577 372 2648 plebs
388 2577 584 2648 superstitiosa
596 2576 789 2643 venerabatur,
808 2583 983 2647 σωρειτικαῖς
998 2573 1065 2659 ἔρω-

65 2647 162 2722 moros,
181 2649 283 2720 quibus
293 2646 452 2730 'Carneades
470 2647 500 2702 in
516 2647 571 2729 bae
589 2645 781 2717 disputatione
793 2645 837 2730 uti
851 2646 968 2730 solebat,
987 2647 1065 2702 ahis-

64 2720 318 2914 {mittut
337 2716 1066 2870 Iaitalltitsitlmnltmalltuilllltlis

82 2861 172 2916 toieae
218 2876 275 2928 ars,
301 2875 372 2930 quae
396 2859 464 2914 deos
485 2857 642 2930 providisse
666 2858 696 2913 ot
714 2856 886 2912 consulmsse
904 2858 1065 2916 hominibus
1144 2917 1146 2922 ,

65 2879 256 2999 ostendebat,
294 2930 407 2986 uattuor
424 2928 595 3000 argumentis
613 2927 756 2983 nitebatur
773 2927 857 2999 (oonf.
871 2933 1066 3012 argumentum

65 3000 108 3056 lib.
123 3002 152 3056 II
170 3002 263 3072 extr.);
304 3017 382 3056 orum
400 2999 522 3055 seeundo
541 2999 571 3054 et
588 2999 687 3068 quarto
706 3015 777 3068 quae
790 2999 968 3070 respondisse
983 2999 1067 3057 cossa

64 3071 188 3143 fingitur,
211 3087 246 3126 ea
262 3071 323 3127 sola
339 3071 501 3126 manserunt
518 3073 589 3140 (oap.
609 3071 732 3139 ses-40).
770 3069 901 3128 Ostendit
918 3071 993 3126 enim
1009 3071 1066 3142 pri·

64 3158 144 3209 mum,
163 3141 265 3212 quibus
282 3141 366 3197 rebus
383 3139 543 3197 hominibus
558 3139 731 3195 consuluisse
745 3139 776 3196 di
789 3141 926 3208 dieantur,
946 3157 993 3196 eas
1006 3139 1066 3210 ple·

64 3229 172 3284 raeque,
196 3211 227 3266 in
270 3210 349 3266 rimis
370 3211 520 3277 tattonem,
543 3209 581 3264 ad
597 3209 742 3266 hominum
759 3211 913 3282 perniciem
932 3209 1065 3276 converti,

64 3298 238 3412 meque
274 3281 387 3408 eomines
410 3282 440 3338 et
460 3279 574 3337 virtutis
596 3280 803 3338 amantissimos
825 3280 975 3352 plerosque
992 3278 1067 3332 mala

74 3369 87 3410 o
191 3368 256 3408 usos
291 3368 343 3408 ssa

457 3477 669 3489 ——n—-u-
