2490 3950
500 195 550 250 DE
567 196 719 251 NATURA
736 195 890 250 DEORUM

195 336 377 408 mariammes
401 337 485 392 huius
512 336 683 406 quaestionis
705 331 863 392 de⁰natnra
886 335 999 390 deorum
1021 333 1147 399 disserit,
1172 335 1210 388 de

196 424 252 478 qua
273 409 333 480 tam
350 408 445 463 variae
466 411 580 477 tamque
604 407 795 478 discrepantes
817 406 1049 476 philosophorum
1066 404 1125 458 sint
1143 422 1210 459 son·

197 477 313 544 sentiae,
332 495 400 548 quas
419 478 552 549 deinceps
570 478 668 549 paucis
687 480 799 532 enarrat
816 481 886 547 (cap.
903 484 926 542 1,
945 480 980 544 ἓ).
1012 475 1082 529 Tum
1097 473 1210 540 (licere,

197 547 328 617 quoniam
347 551 377 604 et
394 549 478 604 amici
495 548 626 604 benivole
641 565 705 603 enm
722 548 924 602 admonuerant
936 546 965 601 et
982 545 1072 612 invidi
1089 544 1210 600 inimice

196 619 437 689 vituperaverunt,
465 619 540 688 quod
567 619 777 690 philosophiam
804 617 938 672 Graecam
964 615 1073 670 Latinis
1099 615 1210 670 litteris

196 689 333 756 traderet,
357 692 387 744 et
403 689 563 745 universnm
584 689 783 760 philosophiae
801 687 924 742 studium
947 685 1075 741 defendit
1092 687 1123 740 et
1143 686 1210 739 bre-

197 759 271 814 viter
288 760 425 815 rationem
443 759 545 826 reddit,
565 776 649 829 quain
667 759 704 814 ob
721 775 780 813 rem
797 758 859 828 ipse
873 756 1103 812 Academicorum
1121 755 1211 810 disci·

217 829 304 884 linum
326 829 505 900 potissimum
528 831 639 884 secutus
662 830 714 896 sit,
737 845 854 898 quorum
872 829 907 882 de
930 826 1103 897 gravissimis
1121 827 1210 881 rebus

196 849 510 983 dubitanterloquendi
527 899 600 954 ratio
618 900 654 954 ad
672 900 746 954 hanc
764 899 859 980 ipsam·
873 897 1066 980 quaestionem
1082 897 1210 978 maxim-o

198 973 440 1109 disistit&
458 970 814 1096 stertisset
832 967 1212 1118 tifilmfflttmntitttlt}

198 1117 243 1236 gia
264 1153 269 1165 .
289 1119 358 1167 s—e
381 1114 522 1180 §ii-14).
558 1110 632 1165 Dein
648 1111 684 1165 de
707 1110 897 1180 disputatione
919 1109 993 1163 inter
1011 1107 1039 1164 G.
1059 1107 1210 1162 Aurehum

222 1199 238 1236 o
330 1183 358 1236 et
377 1181 406 1239 O.
420 1181 562 1236 Velleium
579 1183 611 1236 et
627 1180 658 1245 Q.
672 1181 812 1236 Lucilium
829 1180 949 1234 Balbum
965 1195 995 1234 se
1013 1177 1146 1232 audiente
1166 1179 1210 1234 in·

199 1252 300 1307 stituta
316 1250 409 1317 refert,
427 1251 457 1306 in
475 1267 532 1319 qua
549 1267 619 1320 qnae
637 1267 655 1305 a
671 1251 762 1323 princi
783 1251 845 1306 ibus
863 1249 922 1304 illis
939 1250 1025 1304 trium
1042 1248 1209 1318 disciplina-

198 1339 260 1376 rum
286 1321 430 1392 disputata
452 1321 521 1387 sint,
549 1338 579 1376 se
602 1321 672 1376 dicit
694 1322 738 1376 his
762 1270 841 1375 iibris
865 1319 1209 1401 exponerebconstit'unisse

199 1395 269 1462 (cap.
290 1400 315 1459 6,
334 1399 349 1446 ἵ
372 1399 388 1458 5
407 1395 539 1460 15-17).
576 1391 613 1446 Et
634 1392 665 1446 in
681 1392 735 1447 hoc
754 1391 868 1461 quidem
885 1391 974 1462 primo
993 1390 1065 1444 libro
1091 1389 1210 1444 initium

199 1461 362 1532 disputandi
379 1461 450 1518 facit
468 1460 497 1516 Ο.
511 1461 645 1528 Velleius,
664 1464 693 1516 et
711 1479 729 1516 a
746 1461 961 1533 reprehensione
980 1461 1093 1529 quidem
1110 1459 1209 1516 Plato-

199 1533 278 1588 nicae
296 1534 327 1588 et
340 1532 451 1588 Stoicae
464 1531 590 1598 rationis,
609 1547 726 1601 quarum
743 1531 795 1586 illa
807 1532 941 1586 mundum
958 1531 1042 1586 adeo
1059 1533 1209 1599 tamqnam

200 1603 299 1675 opifice
322 1605 406 1673 atque
428 1601 606 1658 aedificatore
628 1602 785 1673 profectum
808 1601 1009 1668 contendebat,
1027 1601 1118 1656 altera
1135 1600 1208 1669 πρό·

198 1693 280 1800 zet
286 1673 341 1799 ’eid
352 1671 1209 1812 smuutffirttstlisnufflrtsu

199 1785 682 1885 sensibuspraeditum,rocu1idum‚
701 1814 845 1868 arenam
857 1813 1065 1882 iuuenemque
1081 1812 1209 1868 aciens
1236 1849 1237 1876 ,

199 1889 269 1955 (cap.
289 1890 395 1939 8-10.
430 1884 494 1938 Reli
514 1901 612 1939 norum
630 1884 731 1939 deinde
750 1884 874 1938 omnium
896 1883 1128 1954 philosophorum
1146 1883 1208 1938 iam
1236 1887 1237 1892 ’

198 1955 299 2012 iudea
387 1954 487 2008 stede
524 1971 557 2009 eo
576 1954 723 2010 sententiis
737 1953 860 2008 breviter
877 1953 1100 2008 commemoratis
1115 1955 1145 2008 et
1163 1971 1208 2008 re·
1236 1937 1237 2010 i

197 2023 341 2095 prehensis
365 2026 435 2094 (cap.
456 2027 579 2096 10-15)
602 2023 639 2080 ad
656 2025 747 2094 ipsam
764 2023 931 2095 Epicuream
948 2024 983 2079 de
1002 2024 1046 2078 dis
1064 2023 1207 2080 rationem
1236 2039 1237 2072 1

198 2093 392 2164 explicandam
410 2095 528 2159 accedit,
546 2111 631 2165 quam
648 2111 732 2150 unam
744 2111 840 2150 veram
853 2111 913 2150 esse
932 2093 1080 2150 existimat
1108 2093 1208 2150 Solum

199 2165 273 2219 enim
296 2162 447 2234 Epicurum
469 2165 574 2222 vidisse
600 2165 721 2247 primum
743 2182 804 2220 esse
827 2165 907 2231 deos,
931 2164 1006 2234 quod
1027 2164 1058 2220 in
1080 2163 1208 2220 omnium
1236 2183 1237 2220 1

198 2233 298 2290 animis
321 2250 417 2290 eorum
436 2235 582 2290 notionem
603 2235 791 2306 impressisset
814 2237 915 2290 natura
937 2237 967 2290 et
990 2235 1049 2290 sine
1075 2235 1208 2289 doctrina

198 2303 430 2375 anticipationem
445 2305 584 2374 quandam
598 2306 720 2372 deorum,
735 2322 819 2374 quam
831 2305 893 2376 ipse
906 2305 1034 2376 appellat
1051 2302 1206 2376 πρόληψιν,

198 2376 258 2431 sine
272 2391 328 2444 qua
339 2390 397 2430 non
409 2375 539 2445 intellegi
552 2375 701 2445 quicquam
713 2393 766 2432 nec
779 2375 876 2444 quaeri
889 2392 941 2430 nec
955 2375 1093 2446 disputari
1106 2393 1205 2447 posse;

198 2446 228 2501 id
246 2463 281 2501 ex
298 2462 331 2500 eo
349 2445 487 2517 intellegi,
506 2446 582 2514 quod
599 2446 722 2500 omniurn
738 2445 885 2501 hominum
901 2445 932 2502 iii
945 2463 979 2502 eo
995 2446 1034 2502 sit
1050 2445 1123 2500 mira
1142 2463 1207 2502 con-

200 2516 305 2583 sensio,
328 2517 360 2570 ut
377 2516 446 2571 deos
464 2519 525 2572 esse
543 2517 681 2584 statuant,
705 2533 822 2586 eamque
839 2517 886 2571 vel
908 2516 997 2572 antici
1016 2515 1142 2572 ationem
1158 2515 1208 2571 vel

198 2585 411 2660 praenotionem
437 2587 551 2643 deorum
572 2587 707 2652 habeant,
730 2587 764 2640 ut
785 2603 833 2642 eos
856 2587 955 2642 beatos
978 2535 1015 2642 ei)
1031 2586 1207 2642 immortales
1236 2611 1237 2626 ³

198 2660 311 2728 putent;
330 2673 364 2712 ex
383 2673 437 2725 quo
455 2656 597 2725 consequi,
615 2659 648 2710 ut
664 2656 736 2711 nihil
749 2657 858 2726 negotii
874 2673 926 2712 nec
943 2657 998 2727 ipsi
1015 2657 1142 2712 habeant
1152 2675 1207 2714 nec
1236 2699 1237 2704 κ

198 2727 262 2782 aliis
285 2727 434 2781 exhibeant
456 2743 546 2795 neque
569 2726 612 2780 iia
628 2743 718 2796 neque
736 2727 828 2798 gratia
846 2729 1006 2795 toneantui,
1030 2727 1108 2797 quia,
1133 2745 1207 2796 quae

197 2797 269 2852 talia
290 2797 359 2862 sint,
382 2797 525 2852 imbecilla
547 2795 605 2852 sint
627 2797 728 2852 omnia.
764 2798 798 2852 ld
821 2797 845 2852 si
863 2797 905 2852 ita
927 2797 977 2866 sit,
1000 2797 1046 2870 pie
1070 2798 1206 2854 colendos

199 2882 259 2921 esse
283 2866 351 2921 deos
379 2869 495 2938 propter
518 2868 708 2936 praestantem
732 2869 873 2934 naturam,
897 2867 976 2922 nullo
1001 2870 1096 2923 autem
1119 2869 1207 2925 modo

197 2935 347 3003 timendos,
365 2953 420 3004 quo
434 2954 489 2992 uno
508 2937 579 2992 dicit
591 2953 702 2992 ornnem
720 2937 947 3007 superstitionem
966 2939 1057 2994 everti
1074 2942 1206 3010 (cap.16‚

200 3009 252 3075 1⁸1).
289 3005 344 3060 Sed
362 3005 399 3059 ad
416 3006 488 3060 banc
506 3006 668 3077 opinionem
684 3007 900 3064 confirmandam
917 3009 1063 3078 anquirere
1081 3011 1207 3066 animum

199 3078 229 3132 et
245 3075 364 3131 formam
382 3077 411 3130 et
428 3076 517 3130 vitam
535 3079 565 3132 et
586 3077 727 3133 actionem
748 3078 851 3134 mentis
869 3081 954 3148 atque
972 3079 1159 3149 agitationem
1176 3081 1207 3136 in
1236 3091 1237 3122 l

199 3147 264 3214 deo;
288 3148 318 3202 et
331 3145 457 3228 uliginem
479 3146 593 3214 quidem
615 3147 723 3229 nullam
744 3164 826 3230 posse
849 3147 934 3204 aliam
957 3166 1017 3204 esse
1035 3150 1092 3204 nisi
1108 3153 1207 3206 huma·

197 3217 776 3368 restitueresque
788 3219 1208 3362 &rettulisti
1236 3263 1237 3346 3

197 3357 255 3412 elia
273 3357 351 3413 nulla
367 3357 456 3426 figura
474 3356 647 3412 domicilium
665 3359 767 3412 mentis
786 3375 847 3414 esse
864 3360 962 3430 possit
994 3359 1092 3430 Neque
1111 3365 1207 3417 tamen
1236 3369 1237 3376 ’

199 3443 260 3528 Ἧι
266 3425 761 3554 reresurrectionis
774 3444 1207 3574 tentassem

978 3541 985 3569 r
1197 3535 1208 3545 “
1236 3543 1237 3560 1
