2510 3936
153 211 217 277 398
550 207 599 260 ou
618 203 772 260 euersos

152 353 273 421 etenim
292 373 403 418 omnes
421 351 485 417 viri
503 351 580 416 boni
598 351 704 436 ipsum
722 349 921 433 aequitatem
940 347 1037 411 etius
1051 345 1159 431 ipsum

151 447 278 528 emant,
299 463 359 507 nec
381 443 432 506 est
454 439 518 504 viri
539 439 617 503 boni
639 459 747 502 errare
770 441 804 501 et
827 437 971 522 diligere,
993 435 1080 520 quod
1101 455 1160 520 per
1237 495 1238 516 ἶ

154 553 189 597 ee
210 553 277 596 non
299 531 344 594 sit
367 527 580 614 diligendum,
602 549 660 615 per
683 547 717 590 se
738 525 842 612 igitur
864 525 914 588 iun
938 528 990 588 est
1012 528 1161 608 expeten-
1237 519 1238 530 ’

153 620 229 686 dum
253 623 286 682 et
308 617 492 701 colendum3
520 615 635 700 quodsi
656 615 721 699 ius,
749 614 847 678 etiam
870 613 1012 696 iustitia;
1040 613 1092 676 sin
1113 633 1161 694 ee,

152 708 297 791 reliquae
319 727 449 790 qnoque
470 704 608 770 virtutes
631 723 690 787 per
712 723 746 767 se
765 702 916 768 colendae
935 705 1020 766 sunt.
1056 699 1187 777 Quium
1238 703 1239 778 l

153 795 336 861 liberalitas
355 793 541 879 gratuitene
559 795 610 856 est
628 813 670 856 sn
683 791 925 856 mercennaria?
945 790 1058 855 sisino
1071 811 1163 874 prae-

154 885 219 950 mio
242 883 384 969 benigne
405 885 465 966 est,
489 882 643 968 grutuita,
664 880 694 945 si
715 901 789 944 cum
812 879 966 964 mercede,
989 879 1163 961 conducta3

153 995 213 1038 nee
236 976 287 1038 est
305 970 448 1055 dubium,
472 969 606 1054 quinis,
628 969 684 1052 qui
702 967 849 1032 liberalis
866 968 1070 1054 benignusne
1089 967 1163 1032 dici-

153 1065 218 1145 tur,
236 1060 388 1144 officium,
406 1080 472 1124 non
488 1057 630 1124 fructum
649 1060 816 1141 sequetur3
839 1077 918 1142 ergo
936 1057 1017 1120 item
1034 1055 1164 1120 iustitie

153 1149 238 1214 nihil
261 1148 384 1232 expetit
406 1146 551 1233 praemii,
574 1145 656 1210 nihil
677 1145 788 1230 pretii3
810 1167 870 1230 per
893 1166 927 1209 se
949 1145 1054 1230 igitur
1072 1166 1163 1229 expe
1177 1163 1200 1200 ιο
1239 1131 1240 1160 ’

154 1238 244 1302 titur.
286 1236 475 1318 Eademque
503 1235 647 1300 omnium
669 1234 829 1298 virtutum
852 1254 950 1298 causa
972 1237 1072 1318 etque
1095 1253 1164 1297 sen-

102 1324 260 1389 latentia
282 1327 341 1388 est.
381 1322 491 1405 Atque
514 1322 622 1406 etiem,
645 1322 674 1386 si
696 1321 937 1405 emolumentis,
958 1342 1026 1385 non
1049 1325 1164 1406 suapte

153 1414 186 1478 oa'
207 1412 312 1478 virtus
336 1410 511 1496 expetitur,
532 1431 599 1475 une
621 1411 684 1475 erit
706 1410 821 1495 virtus,
842 1431 926 1493 quae
948 1409 1078 1474 malitia
1100 1432 1164 1474 ree
1240 1407 1241 1462 l

155 1500 281 1565 tissime
313 1499 450 1582 dicetur3
481 1502 519 1563 nt
545 1499 632 1563 enim
660 1498 795 1582 quisque
823 1519 972 1563 maxume
1000 1497 1043 1562 ed
1071 1519 1163 1562 snum

155 1587 360 1656 commodum
386 1587 500 1671 refert,
528 1608 747 1671 quaecumque
776 1587 859 1672 agit,
885 1587 935 1652 ita
956 1586 1093 1651 minime
1114 1589 1163 1650 est
1178 1603 1200 1642 1⁵
1241 1608 1242 1672 q

154 1678 206 1744 vir
223 1678 337 1761 bonus,
355 1680 402 1760 ut,
420 1675 476 1760 qui
492 1675 648 1740 virtutem
667 1675 811 1759 praemio
831 1675 1020 1760 metiuntur,
1038 1674 1164 1740 nullam
1241 1679 1242 1706 ³

155 1767 311 1832 virtutem
330 1765 395 1830 nisi
413 1763 574 1828 malitiam
591 1766 715 1848 putent.
751 1761 818 1828 Ubi
836 1764 923 1829 enim
940 1764 1113 1847 beneficus,
1136 1763 1164 1827 si

154 1875 250 1920 nemo
270 1854 404 1918 alterius
423 1873 521 1917 causa
538 1852 677 1938 benigue
694 1851 795 1916 feeit?
814 1852 871 1916 ubi
885 1855 1008 1938 gratus,
1025 1851 1087 1935 'ssi
1099 1873 1164 1916 non

156 1963 230 2008 enm
250 1943 315 2027 ipsi
332 1944 468 2007 cernunt
486 1941 581 2027 greti,
601 1940 678 2025 quoi
691 1938 835 2005 referunt
849 1940 1013 2026 gratiam?
1031 1940 1090 2005 nbi
1107 1940 1164 2004 ille
1242 1956 1243 2034 q

156 2033 270 2095 sancte
287 2030 439 2112 amicitia,
461 2027 491 2093 si
508 2050 574 2094 non
590 2029 661 2113 ipse
679 2028 801 2093 amicus
819 2051 877 2113 per
896 2050 930 2094 se
950 2033 1082 2094 amatur
1094 2033 1163 2094 toto
1176 2047 1198 2086 rc

156 2121 296 2202 pectore,
314 2121 352 2182 ut
369 2117 509 2182 dicitur?
526 2117 582 2200 qui
601 2117 700 2181 etiam
719 2116 912 2182 deserendus
930 2121 964 2181 et
978 2117 1163 2182 abiciendus

157 2207 207 2270 est
230 2205 407 2288 desperetis
431 2205 658 2270 emolumentis
682 2207 715 2270 et
733 2204 908 2290 fructibus3
930 2226 995 2290 qno
1015 2207 1095 2290 qnid
1112 2228 1165 2292 po

156 2296 223 2358 test
250 2291 314 2358 dici
340 2292 535 2358 immanius?
572 2291 694 2368 Quodsi
721 2293 865 2358 amicitie
892 2315 950 2378 per
973 2315 1008 2359 se
1031 2294 1165 2360 colende

158 2385 217 2465 est,
239 2381 378 2447 societas
402 2402 528 2466 qnoque
548 2382 717 2446 hominum
735 2386 769 2445 et
787 2382 968 2466 aequalitas
986 2386 1021 2448 et
1039 2383 1166 2448 iustitia

156 2491 215 2556 per
237 2491 272 2536 se
294 2475 339 2535 est
359 2470 551 2555 expetenda3
574 2469 717 2554 quodni
739 2470 787 2534 ite
805 2474 864 2554 est,
888 2471 1021 2536 omnino
1037 2472 1198 2536 iustitiae

108 2557 249 2676 19nulle
271 2562 335 2642 est3
361 2558 395 2622 id
418 2559 504 2623 enim
526 2557 776 2625 iniustissimum
798 2559 907 2644 ipsum
929 2563 992 2643 est,
1021 2559 1165 2625 iustitiae

105 2691 140 2740 50
157 2647 336 2711 mercedem
360 2667 522 2730 quaerere.
558 2644 642 2721 Quid
664 2668 741 2712 vero
764 2646 803 2711 de
825 2647 999 2730 modestia,
1028 2647 1167 2732 quidde

157 2734 387 2819 temperentia,
411 2734 488 2819 quid
510 2734 549 2798 de
571 2735 781 2818 continentie,
803 2735 881 2818 quid
904 2737 943 2800 de
965 2737 1168 2821 verecrmdia,

157 2821 281 2906 pudore
311 2823 530 2908 pudicitiaque
561 2821 725 2887 dicemus?
757 2823 952 2890 infamiaene
984 2829 1077 2890 metn
1104 2847 1170 2891 non

158 2928 229 2972 esse
255 2909 434 2992 petulantis
463 2933 504 2975 en
530 2911 641 2996 legum
669 2914 702 2976 et
728 2911 942 2977 iudiciorum?
973 2911 1203 2979 Innocentes³t

159 3016 237 3080 ergo
261 2999 294 3060 et
316 2998 486 3062 verecundi
510 3002 594 3082 sunt,
615 3003 653 3064 ut
676 3000 758 3064 bene
781 3000 924 3084 audient,
947 3005 981 3065 et
1002 3005 1040 3065 ut
1063 3024 1169 3067 rumo

158 3104 228 3148 rem
254 3083 376 3148 bonum
402 3085 573 3171 colligant,
600 3088 807 3170 erubescunt3
832 3088 933 3173 pudet
956 3089 1057 3154 etiam
1080 3089 1170 3174 loqui

159 3170 198 3235 de
227 3172 391 3256 pudicitia.
436 3172 483 3237 At
514 3196 566 3238 me
597 3174 735 3240 istorum
762 3175 1032 3261 philosophorum
1060 3179 1170 3262 pudet,

160 3259 215 3341 qui
244 3259 347 3324 ullum
369 3260 524 3326 iudicium
545 3261 650 3328 uitare
672 3262 736 3327 nisi
758 3264 838 3329 vitio
862 3265 934 3349 ipso
959 3265 1059 3330 vitato
1082 3267 1170 3332 hose

106 3355 139 3404 51
158 3349 245 3410 stum
263 3351 389 3429 putant.
425 3348 510 3423 Quid
529 3349 636 3414 enirn?
659 3371 831 3435 possumus
850 3374 915 3436 eoa,
939 3354 995 3437 qui
1015 3376 1036 3418 a
1054 3359 1169 3440 stupro
1183 3369 1206 3410 ³⁵

159 3437 309 3496 eruentur
340 3435 494 3499 infamiae
524 3439 626 3520 metu,
658 3440 792 3522 pudicos
820 3439 939 3524 dicere,
971 3463 1070 3524 quom
1099 3443 1171 3527 ipsa

158 3518 294 3584 infamia
322 3524 457 3606 propter
486 3522 533 3585 rei
560 3525 795 3609 turpitudinem
823 3529 1062 3612 consequatur?
1093 3553 1170 3595 nam
