2478 3936
156 175 222 240 104
469 169 519 224 DE
536 169 689 224 NATURA
706 169 860 224 DEORUM

221 319 399 401 Ansaque
438 314 637 380 funestum
673 315 797 399 prima
833 320 892 379 est
928 314 1166 380 fabricarier

946 424 1074 468 ensem

220 493 270 558 Et
297 497 456 580 gustare
482 513 595 556 manu
622 491 794 556 vinctum
821 491 1086 575 domitumque
1108 493 1166 557 iu-

904 601 1073 645 lenitum.

155 721 261 788 Tanta
289 722 468 807 putabatur
497 721 624 786 utilitas
651 719 774 805 percipi
801 741 819 784 e
841 721 961 804 bubus,
991 724 1167 786 uteorum

103 813 146 877 64
156 811 332 876 visceribus
355 809 441 876 vesci
465 810 570 874 scelus
593 809 776 872 haberetur.
816 806 966 894 Longum
989 812 1039 872 est
1063 811 1168 874 mulo

155 921 227 964 rum
249 899 400 984 persequi
417 897 578 963 utilitates
598 899 631 960 et
649 897 824 982 asinorum,
847 919 929 980 quae
948 901 1034 961 certe
1055 899 1098 961 ad
1111 898 1168 962 ho·
1198 918 1210 957 ⁵

105 1001 155 1050 160
165 989 288 1052 minum
305 1009 400 1052 usum
418 989 553 1071 paratae
572 986 656 1048 sunt.
689 981 749 1048 Sus
769 1007 845 1050 vero
861 985 937 1069 quid
952 985 1053 1049 habet
1067 1008 1159 1070 prae-

155 1080 207 1141 ter
230 1075 357 1140 escam?
385 1074 437 1139 cui
460 1074 597 1157 quidem,
619 1094 660 1137 ne
682 1074 874 1157 putesceret,
898 1073 1040 1137 animam
1060 1073 1168 1158 ipsam

156 1186 216 1249 pro
248 1163 315 1228 sale
345 1161 456 1226 datam
485 1161 562 1225 dicit
595 1181 664 1225 esse
692 1157 908 1245 Chrysippus3
940 1183 1005 1245 qua
1036 1163 1169 1246 pecude,

158 1251 244 1336 quod
266 1254 336 1314 erat
359 1249 400 1313 ad
422 1248 615 1314 vescendum
635 1247 821 1312 hominibus
841 1253 928 1332 apta,
950 1249 1033 1312 nihil
1053 1251 1170 1335 genuit

157 1343 276 1404 natura
301 1335 476 1402 secundine.
522 1335 607 1412 Quid
634 1336 877 1400 multitudinem
905 1337 1169 1422 suavitatemque
1185 1359 1211 1396 ro

157 1427 295 1513 piscium
318 1425 444 1490 dicam?
468 1423 546 1510 quid
568 1424 699 1489 avium?
723 1446 762 1488 ex
784 1424 900 1509 quibus
920 1427 1014 1488 tanta
1031 1427 1171 1510 percipi-

157 1520 211 1580 tur
240 1514 405 1599 voluptas,
437 1516 474 1576 ut
503 1513 665 1578 interdum
692 1510 839 1577 Pronoea
865 1516 979 1576 nostra
1005 1513 1171 1596 Epicurea

157 1604 257 1668 fuisse
293 1602 449 1666 videatur.
496 1599 605 1684 Atque
643 1621 698 1664 eae
734 1623 774 1664 ne
807 1604 998 1684 caperentur
1037 1602 1171 1686 quidem

157 1692 221 1756 nisi
243 1690 410 1756 hominum
433 1688 560 1753 ratione
579 1692 676 1773 atque
695 1688 856 1770 sollertia3
880 1710 1080 1772 quamquam
1099 1691 1170 1754 avis

159 1780 327 1865 quasdam,
355 1781 388 1842 et
415 1777 510 1841 alites
539 1780 572 1841 et
595 1777 733 1860 oscines,
760 1780 798 1839 ut
819 1777 926 1841 nostri
949 1797 1090 1862 augures
1116 1801 1170 1864 ap·
1186 1797 1211 1836 15

158 1868 296 1953 pellant,
324 1886 431 1930 rerum
460 1865 721 1948 augurandarum
744 1886 841 1929 causa
863 1886 934 1928 esse
956 1868 1052 1928 natas
1076 1871 1171 1950 puta-

108 1969 158 2020 161
173 1977 254 2020 mus.
290 1951 361 2017 Iam
383 1974 460 2017 vero
483 1952 640 2016 immanes
664 1956 697 2016 et
715 1952 800 2016 feras
819 1953 932 2016 beluas
949 1953 1171 2019 nanciscimur

160 2041 315 2122 venando,
336 2044 374 2105 ut
397 2044 430 2105 et
447 2062 616 2105 vescamur
633 2040 674 2103 iis
694 2043 727 2104 et
746 2061 950 2105 exerceamur
967 2041 1002 2105 in
1020 2044 1171 2107 venando

160 2132 202 2196 ad
224 2128 468 2194 similitudinem
490 2127 626 2194 bellicae
650 2127 838 2213 disciplinae
862 2132 895 2192 et
917 2132 1049 2193 utamur
1069 2129 1171 2195 domi-

160 2220 203 2283 tis
226 2220 258 2282 et
277 2215 520 2299 condocefactis,
543 2220 579 2281 ut
598 2216 790 2299 elephantis,
812 2217 979 2299 multaque
999 2239 1038 2280 ex
1057 2240 1171 2283 earum
1186 2239 1210 2276 20

161 2305 350 2391 corporibus
385 2303 526 2368 remedia
557 2303 680 2368 morbis
713 2307 746 2369 et
778 2304 966 2368 vulneribus
999 2305 1172 2390 eligamus,
1230 2305 1231 2312 '

162 2395 245 2460 sicut
268 2415 307 2457 ex
330 2392 523 2476 quibusdam
546 2391 702 2476 stirpibus
726 2395 759 2455 et
781 2391 899 2475 herbis,
923 2415 1060 2476 quarum
1084 2395 1172 2459 utili·
1230 2441 1231 2460 l

161 2486 246 2548 tates
269 2480 440 2566 longinqui
461 2479 618 2564 temporis
641 2501 702 2542 usu
720 2483 753 2542 et
771 2479 1008 2564 periclitatione
1026 2483 1172 2568 percepi-

161 2593 242 2636 mus.
288 2569 405 2635 Totam
436 2567 512 2632 licet
545 2566 660 2632 animis
693 2570 861 2652 tamquam
893 2568 995 2632 oculis
1028 2569 1171 2635 lustrare

161 2664 283 2724 terram
312 2656 477 2738 mariaque
505 2655 628 2737 omnia3
654 2665 764 2728 cernes
791 2655 857 2719 iam
881 2653 988 2740 spatia
1010 2655 1208 2742 frugiferam

163 2751 260 2830 atque
278 2746 425 2809 inmensa
441 2764 628 2828 camporum
642 2743 842 2826 vestitusque
856 2744 1067 2809 densissimos
1082 2770 1172 2812 mon·
1230 2813 1231 2824 ,

162 2835 258 2916 tium,
280 2833 438 2917 pecudum
460 2835 588 2915 pastus,
615 2833 687 2894 tum
708 2830 890 2896 incredibili
912 2854 1023 2896 cursus
1047 2835 1173 2899 mariti·
1230 2827 1231 2844 ¹

110 2934 162 2984 162
176 2942 247 2986 mos
271 2919 444 2985 celeritate,
485 2917 553 2984 Nec
576 2940 652 2984 vero
672 2940 771 3003 supra
788 2923 919 3003 terram,
942 2921 998 2984 sed
1017 2921 1120 2988 etiam
1139 2924 1174 2987 in
1230 2997 1231 3000 Ἴ

162 3007 297 3074 intumis
321 3007 388 3071 eius
412 3007 555 3071 tenebris
573 3007 789 3092 plurimarum
806 3029 914 3071 rerum
932 3007 1015 3072 latet
1033 3011 1174 3094 ttilitas,
1230 3011 1231 3096 l

164 3119 246 3182 quae
276 3095 317 3161 ad
342 3115 437 3160 usum
459 3094 629 3160 hominum
652 3098 725 3159 orta
748 3096 788 3160 ab
811 3095 997 3160 hominibus
1021 3098 1104 3162 solis
1128 3101 1174 3164 in·
1187 3118 1231 3188 ³0}

163 3186 300 3251 venitur.
1230 3209 1231 3212 ¹

111 3308 154 3373 65
230 3307 317 3372 Illud
339 3328 426 3388 vero,
450 3305 536 3388 quod
558 3308 694 3389 uterque
716 3308 860 3370 restrum
879 3306 1013 3390 arripiet
1031 3306 1177 3374 fortasse
1230 3287 1231 3300 ,

165 3395 206 3459 ad
228 3393 497 3478 reprendendum,
525 3389 635 3473 Cotta,
663 3393 740 3476 quia
762 3392 943 3458 Carneades
966 3394 1120 3460 lubenter
1143 3400 1178 3463 in
1230 3419 1231 3470 1

165 3480 292 3548 Stoicos
319 3479 545 3565 invehebatur,
573 3477 732 3564 Velleius,
760 3481 836 3566 quia
857 3481 939 3545 nihil
961 3485 1031 3546 tam
1054 3483 1178 3550 inridet
