2476 3936
313 209 379 263 mn.
399 209 433 265 11.
458 209 534 266 cAP.
555 216 668 265 rs-rr.
692 216 840 275 sas-ar.
1015 211 1081 275 315

70 353 215 420 Numam
243 352 451 440 Pythagorae
478 353 581 439 ipsius
608 354 802 438 discipulum
829 358 886 418 aut
912 358 999 420 certe
1021 353 1081 439 Py-

71 443 269 528 thagoreum
290 441 413 506 fuisse?
433 442 438 526 Ι
459 463 554 527 saepe
575 442 660 508 enim
678 442 741 508 hoc
759 441 799 506 de
816 442 945 507 maiori-
967 445 1008 524 [p.
1028 458 1080 507 295

70 532 133 596 bus
160 533 254 595 natu'
271 529 451 595 audirimus
479 533 513 594 et
538 530 587 594 ita
609 530 827 614 intellegimus
850 530 950 617 vulgo
974 530 1081 595 existi-

72 619 170 701 mari3
197 640 302 703 neque
329 639 407 682 vero
431 618 512 683 satis
538 618 573 682 id
595 618 761 683 annalium
783 618 987 703 publicorum
1011 641 1082 682 auc-

47 707 210 772 storitate
242 706 442 772 declaratum
472 706 627 772 videmus.
676 707 759 771 'him
790 703 912 791 Scipio:
948 705 1082 772 Falsum

72 799 123 860 est
160 795 260 878 enim,
299 793 428 877 Manili,
463 794 583 879 inquit,
619 794 653 858 id
684 797 806 878 totum,
840 815 945 878 neque
976 794 1083 860 solum

71 883 195 967 lictum,
218 882 275 947 sed
297 882 397 947 etiam
413 882 564 967 imperite
583 882 783 966 absurdeque
801 882 927 966 fictum,
950 902 988 946 ea
1007 886 1083 947 sunt

72 971 160 1036 enim
197 970 326 1035 demum
358 990 425 1034 non
455 964 588 1036 ferenda
620 969 654 1034 in
686 969 865 1053 mendacio,
903 991 984 1054 quae
1015 992 1083 1035 non

73 1061 180 1125 solum
212 1059 289 1146 licta
322 1080 406 1142 esse,
439 1058 494 1122 sed
516 1080 556 1123 ne
585 1057 657 1123 fieri
688 1057 816 1141 quidem
843 1057 988 1142 potuisse
1016 1079 1082 1124 cer·

35 1148 190 1212 unimus.
234 1145 320 1212 Nam
350 1150 503 1231 quartum
523 1146 528 1230 Ι
547 1146 615 1210 iam
642 1167 761 1210 annum
788 1149 945 1231 regnante
969 1147 1010 1226 [p.
1030 1161 1082 1211 296

72 1234 173 1300 Lucio
193 1234 369 1319 Tarquinio
390 1231 536 1319 Superbo
561 1232 711 1318 Sybarim
738 1237 772 1298 et
795 1231 971 1300 Crotonem
993 1236 1026 1297 et
1047 1234 1084 1298 in

73 1345 128 1388 eas
147 1322 264 1388 Italiae
286 1322 391 1407 partis
405 1321 612 1408 Pythagoras
630 1321 757 1388 venisse
775 1322 948 1407 reperitur3
971 1319 1083 1406 Olym-

72 1413 146 1496 pias
167 1411 253 1475 enim
272 1410 411 1475 secunda
430 1413 463 1474 et
482 1410 685 1495 sexagesima
703 1409 815 1474 eadem
834 1407 972 1494 Superbi
989 1409 1083 1496 regni

72 1499 204 1564 initium
236 1501 268 1562 et
294 1497 502 1585 Pythagorae
534 1498 678 1562 declarat
710 1498 893 1562 adventum.
939 1497 989 1562 Ex
1018 1519 1081 1581 quo
1101 1512 1135 1560 29

37 1605 60 1646 15
73 1587 223 1672 intellegi
252 1585 351 1670 regiis
383 1586 476 1650 annis
508 1586 720 1649 dinumeratis
752 1589 863 1670 potest
899 1605 983 1649 anno
1014 1584 1082 1649 fere

73 1675 252 1742 centesimo
276 1678 309 1738 et
354 1673 580 1760 uadragesimo
607 1676 684 1758 post
706 1676 845 1736 mortem
867 1670 994 1737 Numae
1016 1664 1083 1757 ‘pri-

73 1787 163 1830 mum
187 1762 317 1827 Italiam
333 1697 558 1847 Pythagoram
578 1760 583 1844 Ι
604 1761 767 1846 attigisse3
789 1781 893 1844 neque
911 1760 973 1824 hoc
992 1762 1033 1840 [p.
1048 1777 1082 1825 39

71 1853 160 1918 inter
183 1873 248 1935 eos,
271 1851 327 1934 qui
349 1849 598 1936 diligentissime
620 1847 781 1933 persecuti
805 1851 881 1912 sunt
898 1851 1084 1932 temporum

74 1941 223 2023 annales,
254 1940 323 2003 ulla
354 1942 404 2004 est
435 1959 590 2022 umquam
617 1936 653 2000 in
680 1936 881 2001 dubitatione
908 1940 1083 2001 versatum.

34 2028 117 2094 ani
144 2028 350 2111 inmortales,
376 2026 482 2110 inquit
506 2025 673 2109 Manilius,
701 2027 841 2107 quantus
869 2023 931 2088 iste
955 2027 1005 2088 est
1027 2023 1083 2088 ho

73 2117 199 2182 minum
228 2120 260 2180 et
287 2136 386 2199 quam
412 2114 612 2179 inveteratus
640 2113 743 2177 error!
779 2111 829 2177 Ac
855 2115 966 2176 tamen
987 2111 1084 2176 facile
1137 2147 1142 2156 ·

73 2205 185 2289 patior
212 2225 279 2268 non
300 2223 370 2266 esse
392 2223 453 2266 nos
477 2201 703 2266 transmarinis
726 2222 786 2266 nee
808 2199 983 2286 inportatis
1007 2199 1084 2264 arti-

72 2295 136 2358 bus
167 2291 323 2375 eruditos,
356 2290 413 2354 sed
443 2289 591 2375 genuinis
620 2289 868 2372 domesticisque
897 2287 1083 2353 virtutibus.
1095 2328 1137 2392 16

73 2380 178 2465 Atqui
205 2379 309 2444 multo
336 2378 371 2442 id
396 2377 524 2442 facilius
551 2397 740 2461 cognosces,
766 2375 872 2459 inquit
901 2374 1084 2459 Africanus,
1102 2406 1137 2453 30

35 2486 61 2526 ²⁵
75 2470 104 2534 si
124 2469 130 2551 Ι
150 2467 412 2554 progredientem
439 2486 509 2529 rem
535 2464 700 2548 publicam
728 2466 825 2546 atque
851 2462 887 2526 in
911 2485 965 2546 op
988 2465 1029 2542 [p.
1048 2478 1084 2526 40

74 2558 195 2622 timum
223 2558 346 2620 statum
371 2553 515 2618 naturali
542 2551 681 2636 quodam
707 2551 824 2615 itinere
852 2553 885 2614 et
913 2571 1009 2614 cursu
1032 2571 1085 2614 ve

73 2647 220 2710 nientem
246 2642 380 2725 videris3
410 2641 488 2725 quin
514 2640 576 2705 hoc
603 2640 675 2724 ipso
704 2638 898 2723 sapientiam
924 2637 1086 2703 maiorum

75 2736 203 2797 statues
227 2752 296 2796 esse
318 2729 526 2813 laudandam,
555 2726 641 2812 quod
663 2727 767 2794 multa
789 2726 960 2811 intelleges
984 2724 1085 2790 etiam

75 2820 207 2886 aliunde
240 2821 348 2883 sumta
379 2816 515 2884 meliora
547 2815 632 2900 apud
662 2836 722 2879 nos
740 2814 858 2880 ,multo
889 2835 959 2880 esse
988 2812 1085 2896 facta,

36 2926 62 2966 ³⁰
75 2931 176 2994 quam
207 2907 255 2972 ibi
279 2906 430 2988 fuissent,
462 2905 545 2972 unde
572 2905 635 2974 huc
661 2902 823 2967 translata
850 2905 959 2967 essent
988 2903 1085 2985 atque

75 2997 134 3063 ubi
156 2995 297 3081 primum
318 2993 511 3076 extitissent,
532 2989 768 3074 intellegesque
788 3012 855 3054 non
874 2989 1011 3054 fortuito
1029 3011 1086 3072 po

75 3086 192 3171 pulum
220 3081 417 3164 Romanum,
450 3081 506 3144 sed
536 3079 672 3144 consilio
704 3081 738 3142 et
770 3077 941 3162 disciplina
972 3077 1086 3142 confir-

76 3169 212 3260 maltum
236 3192 306 3234 esse
328 3191 387 3234 nec
409 3174 519 3233 tamen
543 3167 735 3232 adversante
757 3165 898 3230 fortuna.
976 3166 1018 3243 [p.
1033 3178 1137 3281 21³117

143 3260 274 3325 Mortuo
304 3278 380 3344 rege
402 3255 565 3340 Pompilio
588 3254 720 3318 'Pullum
742 3252 922 3318 Hostilium
944 3250 1085 3335 populus
1103 3295 1137 3343 31

39 3364 64 3406 ³⁵
77 3370 190 3436 regem
207 3348 370 3430 interrege
388 3347 525 3430 rogante
540 3341 680 3408 comitiis
694 3341 826 3406 curiatis
841 3337 972 3420 creavit,
992 3337 1086 3420 isque

76 3437 117 3502 de
143 3434 281 3521 imperio
310 3454 368 3498 suo
396 3431 543 3515 exemplo
566 3429 719 3514 Pompilii
740 3428 897 3513 populum
923 3424 1086 3490 consuluit

3 3557 4 3564 κ
77 3523 237 3589 curiatim.
283 3520 382 3587 Cuius
411 3519 571 3584 excellens
597 3519 632 3582 in
658 3539 694 3582 re
720 3513 857 3581 militari
884 3513 991 3600 gloria
1020 3533 1086 3576 ma·
