2452 3938
157 159 229 225 242»
507 157 556 212 DE
574 155 815 216 DIVINATIONE

158 305 287 389 quidem
315 304 413 390 digna
440 305 579 370 ducant?
615 303 684 369 Nec
711 304 797 368 enim
824 303 975 390 ignorare
1003 304 1082 370 deus
1110 327 1168 390 po·

157 397 232 476 tesi,
255 405 319 477 qna
341 395 449 456 mento
473 392 607 477 quisque
631 392 683 476 sit,
705 409 764 456 nec
780 391 904 456 frustra
923 403 961 458 uo
979 392 1048 458 sine
1067 415 1169 460 causa

158 481 235 564 quid
256 482 362 546 iacere
385 481 519 566 ¹dignum
543 480 602 544 deo
625 483 688 564 est,
713 479 800 564 quod
822 481 977 545 abhorret
1000 481 1102 546 etiam
1126 481 1169 546 ab

158 569 299 633 hominis
322 569 514 634 constantia.
550 567 611 651 Ita,
635 568 663 632 si
681 568 836 652 pleraque
855 568 980 633 somnia
998 570 1058 634 aut
1075 569 1170 655 igno

158 661 272 721 rantur
291 661 347 722 aut
364 657 590 743 negleguntur,
609 659 666 720 aut
682 655 786 720 nescit
801 656 864 721 hoo
877 655 955 721 deus
971 659 1029 722 aut
1042 655 1170 724 frustra
1194 676 1204 716 ⁵

159 744 358 810 somniorum
389 744 626 830 significatione
657 743 776 827 utitun3¹
806 747 839 809 et
869 743 987 808 horum
1014 749 1170 811 neutrum

158 833 193 897 in
220 833 314 898 deum
342 833 441 917 cadit3
467 831 550 896 nihil
577 831 678 918 igitur
705 853 725 897 a
747 832 808 897 deo
831 831 965 897 somniis
989 832 1171 919 significari

157 920 325 986 fatendum
347 925 405 986 est.
1022 989 1024 994 .

106 989 157 1116 ‘1321ss
224 1009 311 1074 IIlud
338 1009 438 1074 etiam
464 1007 607 1092 requiro,
636 1029 705 1090 our,
735 1007 763 1071 si
790 1007 867 1072 daus
889 1007 955 1072 ista
976 1009 1051 1074 visa
1073 1011 1170 1076 uobis

157 1097 347 1181 providendi
365 1107 462 1162 causa
482 1096 547 1180 dat,
564 1109 630 1161 non
646 1094 860 1181 vigilantibus
874 1096 983 1180 potius
998 1095 1057 1162 det
1071 1118 1170 1182 quam
1183 1117 1204 1158 u

159 1185 402 1270 dormientibus,
440 1183 514 1249 Sive
537 1184 623 1248 enim
647 1187 797 1248 externus
820 1187 853 1248 et
876 1183 1081 1250 adventicius
1100 1187 1170 1272 pul-

159 1289 214 1336 sus
243 1271 368 1337 animos
395 1271 625 1338 dormientium
650 1274 846 1355 commovet,
873 1271 941 1336 sive
962 1293 1024 1358 per
1046 1294 1083 1339 se
1106 1275 1171 1360 ipsi

159 1360 260 1424 animi
282 1361 465 1443 moventuig
493 1359 560 1446 siis
583 1379 666 1444 quae
689 1375 786 1425 causa
809 1359 874 1424 alia
897 1362 956 1445 est,
978 1373 1036 1426 cur
1059 1377 1171 1428 secun·

159 1448 236 1512 dum
260 1447 400 1532 quietem
424 1447 547 1532 aliquid
568 1447 690 1530 uidere,
720 1441 843 1532 aurine,
871 1459 967 1534 agera
990 1447 1171 1535 videamur,

160 1536 271 1600 eadem
290 1551 387 1601 causa
404 1535 618 1622 'vigilantibus
634 1547 707 1600 esse
725 1539 868 1620 poterat3
889 1535 987 1620 idque
1004 1537 1036 1601 si
1054 1543 1203 1604 nostras

159 1645 256 1689 causa
274 1625 307 1688 di
324 1624 499 1690 secundum
518 1624 659 1708 quietem
676 1623 829 1706 facerent,
846 1623 1063 1710 vigilantibus
1082 1625 1170 1691 idem

157 1711 314 1797 facerent,
341 1712 535 1798 praesertim
562 1731 635 1777 cum
659 1709 860 1796 Chrysippus
883 1711 1099 1780 Academicos
1124 1737 1170 1780 re

157 1799 273 1865 felleus
296 1802 459 1884 permulto
482 1800 621 1866 clariora
644 1801 677 1864 et
700 1800 839 1864 certiora
860 1821 932 1866 esse
956 1799 1057 1886 dicat,
1109 1825 1170 1869 uae

158 1888 371 1972 vigilantibus
390 1889 570 1971 videantur,
593 1909 690 1972 quam
709 1903 791 1970 quae
809 1888 1057 1958 somniantibus.
1121 1893 1170 1956 uit

158 1975 260 2060 igitur
277 1975 387 2040 diuina
404 1975 616 2041 beneficentia
635 1975 772 2060 dignius,
794 1992 867 2048 cum
886 1977 1094 2043 consulerent
1113 2001 1169 2046 no
1181 1996 1203 2036 2⁰

159 2063 224 2145 bis,
247 2063 386 2128 clariora
408 2065 479 2129 sisa
502 2064 577 2128 dare
600 2063 753 2149 vigilanti
776 2085 873 2146 quam
897 2063 1088 2131 obscuriora
1111 2088 1170 2154 per

160 2169 317 2214 somnum.
358 2149 450 2227 Quos
478 2152 630 2236 quoniam
655 2172 722 2216 non
747 2149 800 2235 fit,
829 2151 955 2218 somnia
978 2151 1090 2219 divina
1113 2177 1170 2240 pu·

109 2250 158 2300 127
173 2238 273 2302 tanda
290 2259 356 2303 non
375 2243 460 2304 sunt.
495 2239 566 2305 Iam
584 2259 661 2304 vero
680 2238 757 2322 quid
774 2251 857 2324 opus
876 2243 927 2304 est
944 2239 1168 2309 otroumitione

160 2330 193 2389 et
221 2325 382 2412 anfractu,
408 2328 445 2394 ut
468 2328 512 2392 sit
533 2327 688 2392 utendum
710 2327 942 2412 interpretibus
966 2329 1169 2397 somniorum

158 2414 277 2498 potius,
301 2431 398 2498 quam
422 2415 549 2481 derecto
568 2415 655 2497 deus,
676 2413 833 2499 siquidem
852 2415 1202 2502 conmonuemus

160 2501 256 2568 ‘Hos
278 2502 414 2587 facito,
440 2502 511 2568 hoc
537 2525 583 2567 ne
609 2501 765 2571 feceris'
789 2494 909 2569 diceret
936 2503 1033 2589 idque
1060 2505 1168 2572 visum

159 2590 311 2675 vigilanti
333 2591 564 2676 potius-quam
587 2591 760 2656 dormienti
781 2590 895 2657 daret?

107 2678 149 2743 62
225 2677 296 2744 Iam
331 2700 419 2756 vero,
446 2679 517 2764 quis
554 2679 658 2744 dicere
694 2678 811 2744 audeat
845 2701 923 2746 vera
955 2683 1066 2750 omnia
1096 2705 1168 2748 esse

160 2767 307 2832 somnia?
353 2766 534 2851 ‘Aliquot
566 2767 724 2831 somnia·
744 2766 860 2851 vera'‚
893 2767 1000 2853 inquit
1030 2767 1167 2856 Ennius,

160 2853 240 2917 ‘sod
267 2855 394 2920 omnia
419 2874 582 2920 noenum
608 2867 764 2920 necesso
785 2855 870 2920 est’.
911 2855 999 2931 Quae
1024 2861 1075 2922 est
1097 2855 1201 2924 tan-³⁰

159 2940 232 3004 dem
254 2941 320 3006 ista
343 2942 530 3008 distinctio?
554 2963 635 3028 quae
657 2953 747 3027 vera,
769 2962 852 3028 quae
875 2942 961 3008 falsa
979 2943 1101 3013 habet?
1126 2952 1167 3031 et,

159 3029 188 3092 si
209 3049 287 3092 vera
309 3043 330 3092 'a
353 3029 412 3094 deo
435 3031 623 3114 mittimtur,
650 3029 735 3096 falsa
757 3031 840 3096 undo
862 3033 1062 3098 nascuntur?
1089 3054 1167 3100 nam

159 3116 187 3180 si
211 3137 249 3180 ea
272 3137 398 3201 quoque
421 3117 538 3204 divina,
562 3118 639 3203 quid
660 3119 897 3190 inconstantius
918 3120 1000 3185 deo?
1023 3123 1102 3205 quid
1121 3124 1167 3188 in·

158 3205 269 3269 soitius
303 3209 412 3270 autem
441 3211 491 3272 est
519 3227 616 3290 quam
643 3209 767 3272 mentes
795 3207 984 3274 mortalium
1009 3207 1106 3276 falsis
1135 3213 1166 3276 et

158 3292 365 3358 mendacibus
388 3293 467 3358 visis
491 3293 673 3359 concitare?
698 3294 749 3360 sin
766 3316 844 3362 vera
861 3295 933 3362 visa
951 3294 1061 3362 divina
1080 3301 1165 3381 sunt,
1177 3311 1200 3353 ³⁵

1 3371 3 3382 ’
86 3441 88 3446 ,
157 3379 242 3444 falsa
260 3384 370 3446 autem
389 3385 422 3445 et
440 3381 550 3447 inania
567 3381 718 3465 humana,
737 3403 819 3467 quae
833 3387 883 3449 est
895 3384 960 3448 ista
974 3383 1166 3472 designandi

157 3465 299 3553 licentis,
321 3471 359 3532 ut
380 3467 443 3533 hoo
466 3467 552 3552 deus,
575 3469 638 3534 hoo
659 3475 778 3536 natura
799 3471 913 3536 feeerit
932 3472 1043 3559 potius
1068 3497 1167 3560 quam
