2510 3936
307 209 378 279 nna¹
392 209 439 264 VI.
460 209 535 265 oar.
556 216 669 267 rr-ao.
688 217 703 277 s
722 218 835 267 17—22.
1006 213 1071 277 375

68 353 151 418 sicut
178 353 296 418 intueri
320 354 422 419 solem
446 353 616 419 adversum
638 355 792 440 nequitis,
820 356 951 440 eiusque
973 357 1073 421 radiis

67 441 153 505 acies
179 445 290 506 vestra
318 463 493 526 sensusque
520 442 668 506 vincitur.
712 442 803 509 Haeo
826 466 886 530 ego
910 444 1073 509 admirans

65 528 248 595 referebam
270 534 381 595 tamen
403 532 514 596 oculos
537 529 579 595 ad
600 534 722 595 terram
744 531 928 598 identidem.

133 617 218 682 Tum
241 617 428 683 Africanus:
452 616 576 702 Sentio,
599 618 715 702 inquit,
737 623 771 686 te
795 620 903 685 sedem
926 600 1126 731 etiam19lffg

42 720 153 771 ⁵nunc
179 706 347 772 hominum
375 729 413 772 ae
440 707 571 772 domum
596 709 823 793 contemplari3
857 730 938 793 quae
962 710 990 774 si
1012 709 1075 774 tibi
1094 715 1107 731 ”

64 815 178 879 parva,
200 798 238 860 ut
261 797 320 879 est,
341 795 390 860 ita
411 795 547 880 videtur,
568 795 650 861 haee
670 796 823 862 caelestia
841 819 970 882 semper
988 820 1075 882 spec

65 887 152 967 tato,
178 882 238 948 illa
264 883 407 949 humana
434 884 642 949 contemnito.
684 883 733 950 'Pu
761 885 846 949 enim
874 908 972 969 quam
996 887 1075 950 cele-

65 972 224 1036 britatem
256 972 413 1036 sermonis
444 971 614 1037 hominum
647 976 703 1036 aut
736 995 833 1056 quam
862 973 1075 1058 expetendam

65 1060 220 1144 consequi
244 1060 384 1144 gloriam
405 1061 522 1144 potes?
553 1059 652 1125 Vides
671 1060 815 1125 habitari
832 1061 973 1126 interra
991 1063 1074 1126 raris
1159 1059 1161 1064 ’

31 1164 53 1203 1⁰
65 1153 100 1214 et
130 1148 279 1234 angustis
308 1148 343 1212 in
371 1147 451 1213 locis
483 1153 516 1214 et
544 1148 580 1213 in
608 1149 689 1233 ipsis
717 1150 811 1232 quasi
838 1150 988 1234 maculis,
1017 1150 1075 1215 ubi

64 1237 248 1320 habitatur,
277 1239 389 1301 vastas
417 1236 609 1302 solitudines
635 1237 836 1324 interiectas,
865 1258 996 1324 cosque,
1020 1239 1075 1322 qui

64 1325 213 1390 incolunt
243 1328 378 1408 terram,
406 1346 473 1390 non
500 1325 596 1390 modo
622 1325 824 1410 interruptos
852 1327 901 1391 ita
924 1347 1008 1411 esse,
1037 1331 1075 1391 ut

64 1413 149 1478 nihil
172 1413 258 1477 inter
280 1412 369 1498 ipsos
394 1412 434 1477 ab
459 1413 532 1477 aliis
556 1413 597 1479 ad
620 1414 702 1478 alios
726 1437 858 1480 manare
880 1415 995 1500 possit,
1019 1414 1075 1479 sed

65 1501 188 1586 partim
206 1500 365 1584 obliquos,
388 1501 510 1585 partim
527 1505 740 1585 transversos,
763 1503 885 1587 partim
904 1504 1002 1568 etiam
1022 1503 1075 1567 ad·

30 1604 52 1644 1⁵
65 1611 178 1655 versos
202 1592 289 1654 stare
311 1588 418 1674 vobis3
446 1589 606 1673 aquibus
630 1594 799 1674 expectare
823 1591 964 1676 gloriam
987 1595 1074 1656 certe

65 1678 192 1743 nullam
214 1677 362 1761 potestis.

130 1764 246 1831 Cernis
266 1769 374 1831 autem
393 1765 527 1830 eandem
541 1769 665 1830 terram
679 1767 772 1850 quasi
786 1765 980 1851 quibusdam
993 1766 1074 1830 redi·
1085 1743 1128 1869 {ill

66 1855 182 1920 mitam
201 1857 234 1919 et
252 1853 484 1920 circumdatam
502 1853 650 1939 cingulis,
669 1875 686 1918 e
705 1853 821 1937 quibus
841 1855 921 1918 duos
935 1853 1074 1918 maxime

65 1945 152 2008 inter
179 1963 213 2006 se
240 1941 384 2007 diversos
412 1947 445 2007 et
472 1943 554 2008 caeli
575 1942 750 2007 verticibus
772 1942 853 2027 ipsis
877 1965 915 2007 ex
937 1946 1074 2026 utraque

29 2045 54 2087 2⁰
66 2035 161 2116 parte
180 2029 335 2095 subnixos
354 2031 536 2116 obriguisse
554 2031 672 2115 pruina
688 2031 787 2116 vides,
805 2031 947 2096 medium
966 2034 1075 2095 autem

65 2121 160 2184 illum
193 2122 226 2183 et
258 2119 435 2183 maximum
466 2118 546 2184 solis
578 2119 693 2200 ardore
719 2119 846 2184 torreri.
893 2119 966 2185 Duo
999 2121 1075 2182 sunt

65 2206 274 2291 habitabiles,
295 2227 433 2290 quorum
452 2207 605 2271 australis
624 2208 690 2291 ille,
707 2207 743 2272 in
761 2229 825 2292 quo
840 2208 895 2292 qui
908 2207 1074 2290 insistunt,

67 2297 205 2361 adversa
232 2294 325 2361 vobis
352 2298 471 2380 urgent
497 2295 652 2380 vestigia,
679 2295 764 2359 nihil
791 2295 832 2360 ad
854 2299 999 2360 vestrum
1023 2316 1075 2380 ge

66 2406 143 2468 nus3
169 2384 224 2450 hie
251 2386 360 2448 autem
388 2383 472 2449 alter
499 2383 662 2448 subiectus
687 2383 843 2467 aquiloni,
872 2405 968 2467 quem
989 2383 1075 2446 ineo·

29 2487 54 2527 2⁵
67 2473 151 2556 litis,
179 2492 272 2538 cerne
300 2492 397 2555 quam
424 2470 515 2536 tenui
541 2491 599 2536 vos
622 2473 716 2555 parte
739 2471 920 2555 contingat:
962 2469 1075 2534 Omnis

67 2561 154 2626 enim
172 2563 269 2644 terra,
292 2581 375 2643 quae
393 2559 513 2625 colitur
531 2582 551 2624 a
568 2560 671 2642 vobis,
695 2561 872 2644 angustata
889 2558 1075 2642 verticibus,

67 2648 226 2714 lateribus
249 2648 357 2732 latior,
379 2670 482 2733 parva
505 2647 663 2731 quaedam
682 2647 789 2711 insula
808 2649 858 2710 est
881 2645 1076 2711 circumfusa

66 2738 126 2802 illo
145 2737 238 2819 mari,
256 2736 341 2820 quod
355 2737 567 2821 Atlanticum,
586 2735 672 2819 quod
686 2756 850 2819 magnum,
870 2756 964 2817 quem
978 2732 1075 2798 Ocea·

66 2847 146 2890 num
178 2824 353 2910 appellatis
383 2825 419 2889 in
449 2825 559 2908 terris,
592 2824 647 2907 qui
678 2826 789 2888 tamen
819 2826 913 2888 tanto
944 2823 1074 2887 nomine

30 2929 55 2969 ³⁰
68 2936 167 2999 quam
190 2913 234 2978 sit
256 2934 390 2998 parvus,
415 2912 513 2976 vides.
552 2912 603 2977 Ex
625 2911 677 2976 his
700 2911 780 2997 ipsis
804 2911 901 2976 cultis
923 2911 1074 2995 notisque
1094 2932 1127 2980 22

67 3003 165 3067 terris
182 3022 261 3066 num
280 3004 337 3065 aut
349 3005 442 3066 tuum
457 3004 514 3065 aut
527 3001 715 3083 cuiusquam
729 3003 877 3066 nostrum
890 3020 1010 3065 nomen
1023 3000 1075 3064 vel

68 3089 249 3156 Caucasum
270 3088 365 3172 hune,
388 3111 484 3173 quem
507 3089 620 3172 cernis,
642 3089 870 3153 transcendere
892 3088 1001 3173 potuit
1023 3086 1076 3150 vel

66 3179 162 3243 illum
182 3177 319 3264 Gangen
341 3178 529 3243 tranatare?
557 3175 635 3252 Quis
658 3177 693 3240 in
712 3176 845 3260 reliquis
865 3175 1000 3241 orientis
1019 3177 1075 3238 aut

67 3267 219 3332 obeuntis
248 3265 326 3330 solis
348 3266 474 3330 ultimis
497 3270 554 3330 aut
577 3264 737 3349 aquilonis
761 3264 904 3328 austrive
926 3263 1075 3348 partibus

29 3369 54 3411 ³⁵
67 3359 161 3421 tuum
181 3375 302 3419 nomen
322 3355 452 3420 audiet?
476 3354 593 3437 quibus
612 3353 788 3436 amputatis
808 3352 911 3416 cernis
929 3353 1075 3435 profecto

68 3444 199 3528 quantis
218 3443 252 3507 in
271 3443 433 3529 angustiis
452 3445 562 3507 vestra
577 3463 610 3505 se
625 3441 731 3526 gloria
745 3439 877 3504 dilatari
890 3439 977 3504 velit.
1006 3438 1077 3523 Ipsi

67 3536 188 3618 autem,
213 3531 269 3616 qui
292 3531 330 3596 de
352 3530 448 3595 nobis
470 3532 660 3614 loquuntur,
684 3550 781 3613 quam
803 3529 978 3612 loquentur
1000 3527 1076 3592 diu?
