2478 3936
290 187 357 244 LIB.
377 188 397 244 I.
418 186 493 244 OAP.
513 195 627 245 ere-39.
651 195 666 255 ἓ
686 195 833 245 lon-109.
1019 190 1062 254 39

79 330 245 396 sitantum
269 331 364 397 modo
393 331 434 397 ad
461 332 693 418 cogitationem
719 333 830 398 valent
856 353 915 399 nec
940 333 1063 398 habent

78 418 162 484 ullam
180 420 380 486 soliditatem
393 442 451 485 nec
465 421 682 504 eminentiam,
701 421 777 506 quid
790 421 934 506 interest,
953 426 1063 486 utrum

77 506 108 570 de
122 507 381 594 Hippocentauro
404 530 447 573 an
468 508 507 573 de
527 508 586 573 deo
605 509 807 594 cogitemus?
830 532 958 575 omnem
977 510 1062 575 enim

75 595 160 660 talem
181 596 470 662 conformationem
494 597 594 662 animi
616 597 715 662 ceteri
732 598 919 683 philosophi
937 602 1062 663 motum

55 683 187 748 emonem
208 688 336 769 vocant,
357 705 417 750 vos
440 689 548 750 autem
571 685 745 750 adventum
766 687 801 751 in
821 689 946 752 animos
965 690 998 752 et
1015 687 1062 750 in·

73 771 193 837 troitum
215 773 397 859 imaginum
420 773 535 839 dicitis.
575 771 622 838 Ut
639 773 687 838 Ti.
707 773 888 841 Gracchum
910 797 983 841 eum
1001 775 1047 840 ri·
1063 792 1114 842 106

72 858 138 924 deor
159 861 402 926 contionantem
426 862 461 926 in
484 861 647 946 Capitolio
670 862 778 928 videre
800 863 839 928 de
861 863 904 928 M.
927 861 1062 928 Octavio

72 945 256 1014 deferentem
280 950 430 1034 sitellam,
452 953 523 1014 tum
546 972 619 1016 eum
640 954 765 1015 motum
783 951 884 1015 animi
902 951 973 1016 dico
993 971 1063 1015 esse

71 1033 194 1122 inanem,
217 1041 255 1104 tu
280 1041 388 1103 autem
412 1041 446 1103 et
468 1037 605 1104 Gracchi
628 1041 661 1103 et
684 1037 811 1103 Octavii
832 1039 992 1125 imagines
1015 1059 1063 1104 re·

43 1137 62 1177 1⁰
71 1144 196 1210 manere,
221 1147 314 1210 quae,
336 1126 371 1190 in
385 1125 582 1210 Capitolium
606 1149 678 1192 cum
699 1127 910 1212 pervenerim,
932 1131 1003 1192 tum
1022 1125 1063 1192 ad

70 1212 199 1278 animum
218 1235 328 1280 meum
345 1213 540 1298 referantur,
562 1215 624 1280 hoc
642 1215 727 1279 idem
744 1215 816 1282 fieri
832 1215 867 1281 in
885 1216 953 1300 deo,
972 1215 1062 1282 cuius

69 1300 169 1367 crebra
190 1301 276 1368 facie
298 1303 462 1387 pellentur
485 1302 593 1387 animi,
616 1323 655 1368 ex
677 1325 741 1388 quo
764 1325 834 1368 esse
856 1304 946 1370 beati
964 1308 1062 1388 atque

70 1391 178 1454 aeterni
200 1391 445 1476 intellegantur.
482 1389 547 1456 Fac
564 1391 723 1477 imagines
742 1413 820 1476 esse,
844 1393 960 1478 quibus
978 1393 1114 1477 pul-10⁷

69 1480 166 1542 centur
203 1479 320 1561 animi3
356 1479 478 1564 species
514 1479 684 1544 dumtaxat
719 1481 858 1545 obicitur
891 1480 1063 1566 quaedam3

42 1579 59 1618 1⁵
68 1584 134 1629 num
151 1568 264 1651 etiam,
282 1589 338 1632 cur
357 1587 395 1632 ea
411 1568 510 1632 beata
524 1567 576 1652 sit,
593 1589 650 1633 cur
664 1569 817 1634 aeterna?
847 1568 935 1644 Quae
954 1573 1062 1632 autem

68 1651 139 1718 istae
165 1655 328 1742 imagines
354 1659 482 1720 vestrae
509 1659 565 1720 aut
586 1655 693 1721 unde?
734 1656 765 1720 A
786 1655 974 1722 Democrito
997 1678 1063 1720 om-

67 1739 133 1806 nino
149 1742 232 1809 haee
252 1743 398 1827 licentia3
421 1742 477 1810 sed
495 1747 528 1808 et
546 1743 602 1808 ille
616 1744 829 1827 reprehensus
843 1767 863 1808 a
875 1743 988 1808 multis
1003 1746 1063 1828 est,

67 1848 195 1897 necros
218 1831 343 1896 exitum
365 1831 525 1916 reperitis,
547 1835 681 1916 totaque
703 1853 756 1897 res
775 1832 908 1898 vacillat
926 1836 959 1897 et
978 1832 1063 1898 clau·

68 1915 151 1984 dicat.
203 1918 293 1984 Nam
325 1919 403 2004 quid
435 1923 500 2004 est,
531 1920 618 2004 quod
648 1920 755 1985 minus
785 1921 918 2006 probari
948 1919 1063 2006 possit,

42 2019 149 2085 2lyricam
171 2008 320 2073 omnium
340 2007 376 2072 in
397 2029 450 2073 me
471 2008 611 2072 incidere
631 2008 805 2094 imagines,
831 2007 980 2094 Homeri,
1003 2009 1063 2073 Ar·

68 2092 213 2179 chilochi,
240 2095 386 2179 Romuli,
412 2095 552 2180 Numae,
579 2096 799 2182 Pythagorae,
820 2096 982 2182 Platonis,
1004 2119 1063 2163 nec

69 2201 100 2245 ea
118 2182 239 2268 forma,
267 2205 330 2268 qua
352 2184 403 2248 illi
423 2183 576 2250 fuerunt?
622 2183 691 2260 Quo
714 2185 810 2252 modo
831 2185 883 2250 illi
905 2186 1006 2272 ergo?
1030 2189 1064 2252 et

69 2291 197 2352 quorum
215 2272 396 2358 imagines?
429 2273 594 2358 Orpheum
611 2275 742 2357 po'e'tam
761 2274 854 2340 docet
867 2273 1063 2338 Aristoteles

68 2377 237 2445 numquam
258 2359 368 2444 fuisse,
391 2363 424 2426 et
445 2361 508 2426 hoc
522 2360 697 2445 Orphicum
720 2383 848 2427 carmen
862 2361 1063 2446 Pythagorei

42 2443 169 2514 aferunt
193 2448 359 2514 cuiusdam
380 2447 481 2515 fuisse
503 2448 664 2534 Cercopis.
709 2448 756 2513 At
778 2447 934 2534 Orpheus,
956 2449 991 2513 id
1013 2454 1063 2514 est

68 2533 166 2623 imago
198 2537 280 2620 eiua,
312 2541 350 2602 ut
377 2558 434 2603 vos
462 2537 576 2621 vultis,
604 2539 639 2602 in
665 2537 809 2602 animum
836 2558 944 2602 meum
967 2559 1063 2622 saepe

69 2620 205 2690 incurrit.
241 2623 333 2709 Quid,
356 2624 442 2710 quod
460 2625 603 2690 eiusdem
619 2624 761 2690 hominis
779 2625 814 2689 in
832 2645 939 2689 meum
957 2625 1049 2711 aliae,
1065 2646 1115 2696 108

70 2710 143 2778 aliae
163 2715 202 2778 in
224 2713 338 2779 tuum?
366 2713 455 2798 quid,
484 2713 570 2798 quod
593 2734 703 2778 earum
725 2734 847 2796 rerum,
870 2734 952 2796 quae
973 2737 1064 2780 num·

72 2818 157 2880 quam
176 2801 308 2866 omnino
325 2799 457 2866 fuerunt
473 2823 577 2886 neque
592 2821 661 2866 esse
675 2804 859 2886 potuerunt,
878 2805 915 2866 ut
929 2799 1064 2889 Scyllae,

42 2891 101 2950 ³⁰ut
117 2887 328 2954 Chimaerae?
351 2889 437 2974 quid,
459 2890 545 2974 quod
562 2889 740 2973 hominum,
763 2890 916 2976 locorum,
934 2893 1065 2958 urbium

72 2994 181 3063 aarum,
205 2999 285 3062 quas
307 2999 484 3062 numquam
500 2977 662 3044 vidimus?
686 2978 771 3062 quid,
795 2978 889 3064 quod,
912 2980 1065 3069 simulac

71 3063 142 3130 nihi
167 3065 350 3131 collibitum
378 3069 441 3150 est,
467 3069 599 3150 praesto
622 3069 673 3132 est
694 3067 827 3154 imago?
859 3067 951 3153 quid,
979 3067 1065 3153 quod

72 3151 160 3218 etiarn
190 3154 232 3219 ad
258 3154 470 3220 dormientem
497 3154 630 3220 veniunt
656 3154 847 3220 invocatae?
892 3155 977 3220 Tota
1003 3175 1065 3240 res,

71 3233 181 3326 Vellei,
211 3242 385 3329 nugatoria
413 3246 471 3307 est.
515 3241 584 3308 Vos
612 3246 720 3308 autem
745 3265 813 3308 non
839 3241 935 3307 modo
963 3242 1064 3308 oculis

45 3323 234 3415 ⁸5imagines,
261 3330 317 3397 sed
339 3330 438 3396 etiam
461 3330 577 3396 animis
599 3331 778 3396 inculcatis.
818 3330 925 3395 Tanta
947 3333 997 3395 est
1019 3330 1117 3443 in·39

73 3418 192 3496 punitas
216 3418 387 3504 garriendi.
423 3418 470 3483 At
489 3427 586 3503 quam
604 3419 751 3485 licenter!
787 3417 974 3483 Fluentium
991 3415 1117 3504 fre-109

75 3510 198 3584 quenter
214 3507 366 3572 transitio
383 3506 423 3571 fit
435 3507 605 3590 visionum,
623 3509 661 3572 ut
674 3527 692 3570 e
705 3504 819 3569 multis
831 3525 896 3568 una
909 3503 1065 3568 videatur.

1205 3593 1217 3680 l
