2458 3934
146 191 209 254 126
452 187 501 241 DE
519 187 672 243 NATURA
690 185 845 241 DEORUM

143 333 290 399 Minerva
312 332 499 416 Apollinem
522 353 604 415 eum,
626 330 716 395 cuius
739 329 775 394 in
795 330 902 394 tutela
924 329 1074 394 Athenas
1098 352 1152 394 an·

144 422 228 505 tiqui
258 420 406 486 historici
439 440 508 484 esse
534 420 721 501 volucnmt,
753 418 911 482 secundus
937 416 1016 482 Nilo
1044 422 1153 502 natus,

144 508 284 592 Phthas,
311 511 349 573 ut
370 507 526 593 Aegyptii
554 506 735 592 appellant,
765 527 860 589 quem
888 504 1057 571 custodem
1082 527 1153 570 esse

145 597 289 682 Aegypti
311 596 438 679 volunt,
461 595 578 659 tertius
602 593 760 659 extortio
783 591 860 658 Iove
885 597 918 658 et
940 592 1073 677 Iunone,
1098 594 1155 677 qui

144 684 259 750 Lemni
285 683 429 748 fabricae
456 683 597 747 traditur
618 681 811 766 praefuisse,
839 685 973 764 quartus
996 681 1154 746 Memalio
1181 699 1197 741 s

144 776 255 856 natus,
279 771 335 856 qui
357 771 462 835 tenuit
484 770 607 835 insulas
630 772 765 854 propter
788 767 945 851 Siciliam,
969 791 1052 852 quae
1075 768 1155 834 Vol-

93 871 126 920 56
145 861 256 926 caniac
287 859 547 924 nominabantur.
592 856 769 922 Mercurius
801 878 884 921 unus
917 855 1015 921 Uaelo
1049 861 1155 942 patre,

144 948 207 1013 Die
230 949 462 1030 matronatus,
485 946 574 1011 ouius
598 944 768 1010 obscenius
791 944 932 1009 excitata
949 947 1071 1010 natura
1087 949 1155 1009 tra·
1227 1019 1228 1024 ἵ

146 1036 246 1119 ditur,
274 1035 359 1119 quod
386 1037 519 1119 aspectu
540 1032 754 1118 Proserpinae
776 1034 958 1097 commotus
981 1033 1039 1114 sit,
1069 1033 1155 1097 alter
1227 1039 1228 1042 ’

144 1123 295 1188 Valentis
318 1126 351 1186 et
369 1120 538 1187 Coronidis
561 1121 656 1202 filine,
678 1119 707 1184 is
731 1119 786 1204 qui
809 1120 869 1184 sub
892 1120 988 1184 terris
1011 1120 1155 1185 hahetur
1169 1140 1195 1178 ro

145 1211 231 1275 idem
258 1208 477 1292 Trophonius,
503 1209 620 1273 tertius
643 1208 720 1273 Iove
748 1207 846 1272 tertio
873 1211 970 1272 natus
999 1211 1034 1272 et
1056 1208 1155 1292 Maia,
1227 1207 1228 1244 l

146 1320 184 1362 ex
208 1318 272 1380 quo
295 1300 328 1360 et
349 1295 513 1379 Penelopa
529 1295 620 1360 Pana
641 1299 756 1360 natum
777 1296 895 1377 ferimt,
919 1299 1056 1379 quartus
1075 1295 1154 1361 Nilo
1227 1301 1228 1340 ³

145 1388 248 1470 patre,
272 1405 368 1468 quem
386 1383 542 1467 Aegyptii
558 1382 650 1448 nefas
668 1384 791 1448 habent
807 1383 985 1467 nominare,
1009 1384 1155 1468 quintae,
1227 1417 1228 1456 i

146 1494 242 1556 quem
261 1472 371 1537 colunt
383 1469 576 1555 Pheneatae,
600 1471 656 1555 qui
669 1470 794 1556 Argum
813 1471 930 1536 dicitur
947 1471 1155 1538 interemisse
1227 1483 1228 1558 l

147 1562 188 1625 ob
207 1581 341 1644 eamque
359 1580 490 1624 causam
503 1558 691 1644 Aegyptum
708 1558 893 1644 profugisse
912 1559 1195 1646 atqueAegyp-15
1227 1565 1228 1626 l

145 1648 201 1713 tiis
219 1649 309 1734 leges
328 1651 361 1712 et
380 1647 507 1712 litteras
526 1648 706 1712 tradidisse.
738 1645 833 1711 Hunc
849 1646 1007 1732 Aegyptii
1020 1647 1154 1712 Theuth
1227 1636 1228 1694 l

146 1737 322 1821 appellant,
345 1736 520 1819 eodemque
538 1735 669 1800 nomine
687 1735 763 1799 anni
781 1735 906 1818 primus
926 1736 1048 1799 mensis
1067 1736 1155 1821 apud

93 1835 126 1884 5⁷
147 1846 202 1889 eos
224 1827 367 1890 vocatur.
412 1823 679 1908 Aesculapiorum
701 1822 825 1907 primus
849 1821 1027 1907 Apollinis,
1056 1845 1155 1908 quem
1227 1847 1228 1894 1

145 1910 287 1976 Arcades
323 1911 446 1994 colunt,
483 1911 539 1994 qui
571 1911 739 1995 specillum
770 1910 931 1974 invenisse
962 1911 1154 1997 primusque
1227 1899 1228 1992 l

145 1998 261 2064 volnus
289 1998 405 2062 dicitur
428 1997 639 2084 obligavisse,
666 1997 824 2062 secundus
847 1998 977 2064 secundi
999 1998 1155 2064 Mercurii
1169 2016 1193 2055 2⁰
1227 1993 1228 2008 ³

144 2085 260 2169 frater;
282 2085 311 2150 is
333 2085 469 2150 fulmine
491 2107 662 2170 percussus
685 2085 802 2150 dicitur
824 2085 978 2150 humatus
1002 2108 1074 2152 esse
1092 2086 1154 2171 Uy·

144 2174 286 2256 nosuris;
308 2173 425 2237 tertius
448 2172 583 2259 Arsippi
605 2178 639 2238 et
661 2173 829 2258 Arsinoae,
853 2174 908 2257 qui
930 2175 1056 2259 primus
1078 2198 1155 2260 pnr-
1227 2223 1228 2230 ἶ

147 2261 312 2346 gationem
331 2261 397 2326 alvi
416 2260 584 2345 dentisque
602 2261 808 2345 evolsionem,
826 2264 864 2325 ut
881 2261 999 2346 ferunt,
1017 2263 1154 2346 invenit,

145 2349 235 2415 cuius
257 2350 293 2418 in
305 2349 446 2414 Arcadia
463 2371 529 2414 non
547 2349 643 2435 longe
663 2372 682 2414 a
699 2347 797 2413 Lusio
816 2348 948 2414 flumine
967 2352 1153 2435 sepulcrum

93 2436 135 2500 23
146 2441 178 2502 et
219 2438 310 2503 lucus
350 2437 563 2503 ostenditur„
595 2437 786 2521 Apollinum
827 2437 1073 2522 antiquissimus
1114 2439 1154 2523 is,
1168 2454 1193 2495 ²⁵
1227 2453 1228 2510 l

146 2546 240 2608 quem
263 2526 361 2611 paulo
385 2528 481 2589 antea
503 2547 521 2589 e
542 2523 689 2590 Vulcano
712 2527 826 2589 natum
849 2546 919 2590 esse
943 2526 1022 2610 dixi,
1045 2532 1153 2592 custo-

146 2613 219 2678 dem
249 2613 466 2696 Athenarum,
503 2613 586 2678 alter
618 2611 814 2697 Corybantis
850 2612 952 2692 filius,
988 2609 1085 2679 natus
1117 2617 1153 2680 in

145 2699 255 2785 Creta,
286 2701 375 2766 cuius
405 2701 443 2765 de
470 2699 530 2764 illa
555 2701 663 2765 insula
689 2723 764 2766 cum·
784 2699 861 2765 Iove
891 2701 962 2786 ipso
986 2707 1153 2768 certamen
1227 2729 1228 2776 3

145 2788 245 2852 fuisse
276 2789 430 2872 traditur,
461 2788 577 2854 tertius
604 2787 682 2854 Iove
708 2788 807 2852 tertio
835 2791 932 2853 natus
960 2793 993 2854 et
1016 2789 1152 2873 Latona,

146 2896 242 2959 quem
265 2896 303 2938 ex
321 2873 540 2959 Hyperboreis
558 2875 705 2961 Delphos
727 2875 837 2940 ferunt
858 2875 1034 2961 advenisse,
1058 2901 1151 2962 quar·
1166 2893 1191 2934 ³⁰
1227 2899 1228 2958 l

144 2966 198 3026 tus
221 2961 256 3026 in
270 2960 419 3046 Arcadia,
442 2984 537 3046 quem
552 2964 694 3029 Arcades
709 2960 842 3046 Νόμιον
865 2964 1042 3050 appellant,
1066 2966 1152 3049 quod
1227 2961 1228 3034 i

93 3059 127 3112 68
147 3050 188 3116 ab
213 3070 250 3114 eo
274 3070 308 3113 se
331 3050 421 3134 leges
443 3050 553 3114 ferunt
576 3052 744 3137 accepisse.
780 3050 905 3116 Dianae
927 3052 1008 3117 item
1030 3054 1151 3138 plures,

144 3139 251 3224 prima
267 3135 354 3202 Iovis
378 3141 412 3201 et
424 3137 646 3223 Proserpinae,
670 3160 751 3222 quae
773 3139 944 3224 pinnatum
959 3139 1152 3226 Cupidinem
1227 3143 1228 3212 i

144 3226 294 3378 genuisse
317 3224 447 3308 dieitur,
470 3225 609 3290 secunda
630 3227 751 3311 notior,
775 3249 872 3310 quam
893 3226 972 3292 Iove
994 3231 1094 3294 tertio
1119 3233 1151 3294 et

173 3320 271 3380 atona
292 3317 404 3378 natam
428 3312 619 3398 accepimus,
641 3315 759 3379 tertiae
781 3318 875 3398 pater
893 3313 976 3399 Upis
999 3317 1150 3402 traditur,
1163 3330 1189 3372 ³⁵
1227 3381 1228 3398 ,

146 3400 266 3466 Glauce
293 3404 410 3483 mater3
439 3422 510 3464 eam
538 3421 634 3486 saepe
662 3401 777 3467 Graeci
803 3400 902 3485 Upim
929 3407 1068 3486 paterno
1093 3427 1150 3470 no
1227 3407 1228 3434 ³

145 3487 231 3552 mine
259 3488 434 3572 appellant.
479 3485 641 3571 Dionysos
670 3490 792 3553 multos
815 3488 985 3574 habemus,
1007 3491 1146 3576 primum
1227 3527 1228 3536 κ
