2478 3936
271 191 339 244 LIB.
358 191 392 245 Π.
417 189 493 246 ΟΑΡ.
512 198 625 249 39-42.
649 199 664 258 ἓ
684 197 831 247 100-107.
1014 193 1057 255 83

73 331 170 417 inquit,
191 335 387 400 carminibus
406 335 539 419 Aratus,
562 357 644 419 quae
667 359 686 401 a
708 341 742 400 te
761 337 933 402 admodum
952 336 1058 401 adule-

74 422 200 486 scentulo
222 445 378 488 conversa
400 424 448 488 ita
469 446 521 487 me
544 424 715 508 delectant,
738 411 815 509 quia
831 424 950 489 Latina
973 428 1057 507 sunt,

72 513 100 571 ut
126 510 225 574 multa
256 533 295 575 ex
322 511 363 575 iis
390 507 546 576 memoria
573 516 709 578 teneam.
754 512 858 598 Ergo,
888 517 926 576 ut
956 513 1057 578 oculis

71 596 185 662 adsidue
206 599 362 683 ridemus,
386 600 454 664 sine
476 600 545 664 ulla
567 601 746 666 mutatione
770 605 826 666 aut
848 601 1007 666 varietate

53 727 62 766 r
125 701 261 768 Cetera
283 705 469 769 labuntur
491 706 611 770 celeri
634 706 820 771 caelestia
842 711 948 772 motu

123 788 210 855 (lum
239 793 425 876 caeloque
452 793 566 858 simul
593 797 803 886 noctesque
818 795 983 947 rduippglpe
1005 795 1059 860 fe·

961 934 970 968 7

70 1022 190 1084 quorum
213 1005 488 1090 contemplatione
510 1005 632 1070 nullius
651 1006 773 1090 expleri
790 1009 899 1090 potest
918 1007 1111 1072 animus105

68 1094 188 1156 naturae
212 1093 433 1157 constantiam
456 1093 563 1158 videre
586 1094 753 1178 cupientis.

120 1214 403 1299 Extremusque
423 1216 515 1281 adeo
535 1215 681 1300 duplici
700 1217 742 1281 de
757 1217 911 1283 cardine
925 1224 1058 1285 vertex

42 1323 59 1360 ιο
122 1302 278 1368 Dicitur
301 1325 384 1368 esse
406 1305 526 1388 polus.

68 1421 148 1492 Hunc
161 1427 285 1492 circum
296 1426 415 1492 Arctoe
431 1427 510 1492 duae
524 1428 672 1493 feruntur
684 1451 861 1514 numquam
871 1432 1059 1498 occidentes.

119 1549 172 1614 Ex
190 1551 254 1614 his
272 1550 397 1615 altera
412 1551 508 1635 apud
523 1549 659 1616 Graios
675 1550 872 1635 Cynosura
885 1559 1059 1640 vocatur,

121 1638 259 1703 Altera
282 1638 424 1702 dicitur
448 1660 530 1702 esse
552 1638 699 1722 Helice,

68 1759 142 1858 cuius
175 1761 307 1846 quidem
338 1761 535 1826 clarissimas
565 1762 678 1826 stellas
708 1762 787 1826 totis
816 1763 966 1847 noctibus
996 1786 1060 1828 cer·

42 1867 58 1905 1⁵
66 1866 168 1933 nunus,

121 1955 222 2030 Quas
245 1955 372 2019 nostri
395 1953 550 2040 Septem
570 1956 681 2021 soliti
699 1957 873 2022 vocitare
892 1957 1061 2023 Triones,

67 2075 257 2164 Paribusque
290 2078 394 2143 stellis
426 2078 576 2143 similiter
608 2079 769 2144 distinctis
801 2080 937 2148 eundem
967 2083 1048 2147 caeli
1064 2086 1113 2137 106

67 2167 209 2234 verticem
234 2168 353 2232 lustrat
375 2189 476 2251 parva
500 2165 677 2250 Cynosura:

18 2293 19 2298 ’
121 2290 201 2356 Hac
220 2290 349 2354 fidunt
370 2291 462 2354 duce
479 2293 667 2355 nocturna
684 2290 894 2359 Phoenices
914 2293 953 2357 in
971 2294 1062 2358 alto.

40 2391 57 2430 ²0
122 2375 193 2443 Sed
226 2379 333 2462 prior
364 2378 436 2442 illa
468 2378 591 2463 magis
624 2380 754 2444 stellis
787 2381 975 2444 distincta
1006 2402 1062 2445 re·

18 2627 19 2630 Ἴ
122 2552 170 2617 Et
192 2554 275 2617 late
298 2553 421 2637 prima
444 2554 648 2619 confestim
672 2577 692 2618 a
713 2559 825 2620 nocte
846 2467 1013 2638 bilbilim,

18 2669 19 2672 ¹
121 2641 226 2706 Haec
262 2663 352 2705 vero
384 2663 504 2725 parva
535 2647 607 2726 est,
645 2643 709 2706 sed
740 2643 870 2738 nautis
903 2664 992 2707 usus
1024 2643 1062 2706 in

123 2815 220 2882 Nam
241 2838 354 2883 cursu
371 2817 557 2883 interiore
575 2818 683 2884 brevi
702 2731 1061 2885 conviriitiitirbe.

67 2934 104 3000 Et
125 2962 188 3024 quo
212 2941 255 3005 sit
278 2962 387 3005 earum
412 2942 580 3006 stellarum
604 2942 827 3008 admirabilior
850 2947 1007 3029 aspectus,
1071 2935 1116 2998 42

40 3055 58 3096 ²⁵
124 3045 203 3110 Has
216 3046 333 3130 inter,
351 3047 475 3112 veluti
489 3047 625 3132 rapido
640 3069 721 3112 cum
736 3048 892 3134 gurgite
906 3048 1063 3130 flumen,

125 3132 270 3199 Torvus
296 3133 420 3200 Draco
451 3136 573 3219 serpit
603 3135 736 3199 subter
766 3156 979 3286 supglrvagpse
1006 3156 1062 3197 re-

125 3307 213 3375 Sese
235 3311 524 3394 conficiensque
548 3312 654 3374 sinus
678 3333 695 3375 e
718 3330 878 3394 corpore
900 3307 1034 3371 flexos.

69 3407 139 3479 Eius
161 3438 232 3480 cum
254 3417 356 3482 totius
379 3421 430 3481 est
451 3417 618 3501 praeclara
641 3416 772 3500 species
795 3419 860 3478 tam
880 3414 914 3476 in
932 3411 1046 3495 primis
1063 3422 1112 3471 107
1220 3497 1221 3510 χ

18 3523 19 3546 ³
72 3503 241 3587 aspicienda
264 3509 314 3569 est
335 3505 441 3592 figura
464 3505 579 3589 capitis
603 3507 700 3588 atque
724 3501 819 3566 ardor
831 3499 1021 3632 *oculorumt

809 3607 824 3653 a
