2458 3934
17 29 19 70 Ι

291 177 358 234 LIB.
378 177 400 234 I.
420 176 495 233 OAP.
515 183 628 232 44-47.
647 182 663 243 ξ
681 182 812 233 99-105.
998 178 1060 242 183

17 281 19 334 l

17 335 18 410 i
68 325 178 406 verunt,
197 321 256 386 sed
274 322 374 387 etiam
390 321 568 405 hominum,
586 341 668 406 quae
686 323 804 387 vocant
822 321 940 387 omina.
972 319 1061 395 Quae

17 419 19 468 l
68 409 192 474 maiores
215 409 322 475 nostri
346 409 421 494 quia
439 409 548 476 valere
566 410 750 493 censebant,
772 408 891 474 idcirco
911 408 1060 474 omnibus

17 479 18 532 1
67 498 149 562 rebus
173 497 308 583 agendis
333 497 445 575 ‘ouon
463 514 595 580 eonon,
617 514 786 581 rausum,
810 515 915 562 uarix
933 514 1061 563 sonuu-

67 601 247 663 uliumoua
266 585 384 652 ussuu'
402 585 643 670 praefabantur,
660 585 821 670 rebusque
835 585 961 669 divinis,
980 607 1062 670 quae

47 673 179 755 spubliee
207 674 337 756 fierent,
365 677 403 739 ut
426 673 627 738 ‘invasioni‘
649 673 817 757 ulneuls',
840 673 1062 759 imperabatur

64 761 148 844 inque
178 760 273 826 feriis
305 761 516 846 imperandis,
548 765 586 826 ut
613 761 765 827 ‘ammos
792 779 837 825 au
864 779 993 828 insons
1021 779 1061 827 sn

17 843 18 884 ³
65 848 325 915 issumaannu'.
368 849 517 933 Itemque
543 848 579 912 in
605 848 775 914 lustranda
799 848 928 914 colonia
950 849 991 914 ab
1015 871 1063 934 eo,

65 935 111 1019 qui
131 958 204 1001 eam
229 937 409 1021 deduceret,
434 940 467 1000 et
490 957 562 1002 cum
584 936 762 1021 imperator
785 937 970 1020 exercitum,
993 957 1063 1001 cen·

17 1035 18 1068 1
66 1044 110 1088 sor
134 1025 296 1110 populum
317 1025 486 1108 lustraret,
513 1023 607 1088 bonis
629 1023 830 1107 nominibus,
857 1024 913 1108 qui
936 1024 1062 1090 hostias

17 1110 215 1196 educerent,
240 1112 453 1198 eligebantur.
493 1110 586 1189 Quod
607 1111 693 1176 idem
715 1111 751 1176 in
773 1110 892 1177 dilectu
913 1112 1063 1178 consules

18 1277 19 1280 Ἴ
66 1199 245 1300 observant,
268 1203 306 1264 ut
327 1200 452 1300 primus
475 1199 567 1265 miles
589 1200 649 1301 fiat
671 1201 757 1265 bono
780 1200 919 1265 nomine.
960 1199 1113 1276 Quae1oe

17 1401 18 1444 1
66 1287 224 1460 ldlididliea
242 1288 1063 1462 ddedclesaiiadillllldaddolgndlievrdrlioreetilellnimdriidum

66 1482 148 1527 omen
164 1465 331 1529 iustorum
349 1464 553 1529 comitiorum
573 1485 642 1528 esse
661 1464 841 1529 voluerunt.
878 1463 987 1549 Atque
1002 1468 1116 1550 ego46

17 1553 202 1638 31⁵crempla
236 1552 382 1616 ominum
412 1556 491 1634 uota
519 1551 696 1637 proferam:
732 1551 768 1616 L.
795 1551 917 1617 Paulus
951 1553 1065 1617 consul

67 1637 181 1724 ilerum,
205 1662 282 1706 oum
305 1640 334 1704 ei
351 1640 473 1705 bellum
497 1643 534 1704 ut
557 1661 630 1704 oum
652 1659 729 1724 rege
747 1637 845 1703 Perse
864 1643 992 1723 gereret
1011 1641 1066 1704 ot

17 1757 18 1766 κ
67 1725 199 1812 tigisset,
230 1731 271 1792 ut
297 1749 335 1792 ca
360 1727 434 1813 ipsa
461 1727 511 1792 die
539 1726 671 1792 domum
698 1725 740 1790 ad
767 1747 938 1811 vesperum
959 1727 1065 1811 rediit,

67 1812 191 1880 filiolam
211 1837 306 1881 suam
320 1814 474 1899 Tertiam,
492 1837 574 1900 quae
592 1819 661 1884 tum
683 1817 754 1878 erat
768 1813 940 1878 admodum
955 1836 1065 1898 parva,

68 1903 206 1968 osculans
229 1903 385 1968 animum
416 1903 559 1968 advertit
589 1902 794 1968 tristiculam.
838 1901 951 1978 ‘Quid
982 1901 1066 1985 est',

42 1987 170 2075 enquid,
190 1991 289 2056 ‘mea
307 1990 460 2056 Tertia?
483 1991 573 2076 quid
591 1990 723 2055 tristis
742 1990 820 2056 es‘?'
845 1989 911 2054 ‘Mi
928 1988 1066 2076 pater',

69 2075 171 2164 inquit,
196 2079 333 2144 ‘Persa
354 2077 495 2162 periit?
531 2077 615 2143 Tum
634 2079 691 2142 ille
711 2078 813 2145 artius
830 2079 976 2163 puellam
994 2099 1066 2144 oon·

69 2162 182 2245 plexus:
208 2166 410 2251 ‘Accipio',
432 2166 547 2252 inquit,
574 2165 671 2232 ‘mea
688 2165 794 2251 filia,
815 2166 948 2232 omeu'.
983 2165 1067 2233 Erat

70 2255 165 2318 autem
188 2259 339 2320 mortuus
361 2255 499 2320 catellus
522 2255 722 2320 eonomine.
763 2254 799 2320 L.
816 2253 978 2338 Flaccum,
1002 2255 1058 2319 fla
1069 2267 1119 2316 104

17 2339 19 2378 l
70 2339 178 2407 minem
199 2342 400 2426 Martialem,
424 2363 485 2428 ego
509 2341 630 2426 audivi,
653 2365 726 2408 cum
749 2343 869 2408 diceret
892 2341 1068 2408 Caeciliam

17 2497 18 2502 ἵ
44 2422 192 2515 sustolli,
211 2451 286 2495 cum
303 2430 403 2495 vellet
422 2430 543 2496 sororis
563 2451 640 2495 suae
657 2430 760 2494 filiam
773 2430 808 2494 in
821 2429 1068 2495 matrimonium

17 2539 19 2590 l
71 2517 238 2601 conlocare,
257 2518 361 2583 exisse
379 2519 414 2582 in
433 2518 594 2602 quoddam
613 2517 767 2583 sacellum
784 2517 901 2582 ominis
920 2517 1068 2603 capiendi

72 2621 168 2689 musa,
200 2606 288 2691 quod
312 2605 384 2670 fieri
405 2628 495 2671 more
517 2610 665 2671 veterum
687 2604 823 2670 solebat.
867 2602 950 2670 Cum
972 2605 1067 2690 virgo

17 2723 19 2768 ;
73 2691 163 2758 staret
186 2697 221 2759 et
239 2693 380 2759 Caecilia
401 2693 436 2758 in
460 2693 541 2758 sella
564 2693 689 2758 sederet
710 2714 814 2778 neque
838 2692 892 2758 diu
915 2693 983 2758 ulla
1005 2714 1070 2758 vox

17 2769 19 2844 l
74 2781 253 2866 exstitisset,
280 2783 424 2866 puellam
452 2781 666 2868 defatigatam
692 2780 814 2865 petisse
843 2783 1069 2866 amatertera,

17 2941 18 2954 χ
46 2867 104 2927 ³lut
119 2869 181 2934 sibi
198 2870 396 2953 concederet,
414 2869 581 2954 paulipser
598 2873 635 2934 ut
653 2868 688 2932 in
706 2868 773 2932 eius
793 2869 875 2933 sella
893 2870 1071 2954 requiesce-

17 2959 18 3042 }
75 2957 127 3038 τοὺς
155 2957 248 3023 illam
272 2961 381 3022 autem
404 2957 535 3022 dixisse:
564 2956 688 3040 ‘Vero,
718 2978 800 3021 mea
822 2957 966 3042 puella,
993 2957 1070 3022 tibi

75 3045 226 3110 concedo
258 3065 362 3110 meas
393 3043 524 3109 sedes?
569 3043 662 3120 Quod
691 3065 787 3109 omen
816 3067 868 3110 res
898 3048 1071 3110 consecuta

17 3125 20 3228 j
76 3131 130 3213 est3
149 3133 220 3218 ipsa
244 3133 328 3198 enim
352 3133 445 3199 brevi
468 3136 597 3198 mortua
620 3135 679 3217 est,
701 3132 795 3219 virgo
820 3137 928 3198 autem
949 3132 1071 3217 nupsit,

17 3237 18 3240 ¹
76 3216 118 3280 cui
139 3217 277 3286 Caecilia
302 3225 406 3305 nupta
431 3219 548 3285 fuerat.
588 3219 678 3286 Haec
705 3242 801 3305 posse
829 3220 992 3285 contemni
1018 3219 1071 3283 vel

49 3303 165 3372 sesiam
186 3309 285 3374 rideri
302 3309 468 3394 praeclare
486 3307 653 3394 intellego,
676 3309 734 3373 sed
750 3308 785 3373 id
802 3307 910 3391 ipsum
927 3310 977 3370 est
995 3305 1071 3372 deos

78 3399 276 3480 conputare,
300 3418 381 3480 quae
405 3396 447 3460 ab
469 3395 510 3459 iis
534 3395 767 3480 significantur,
790 3398 1004 3458 contemnere.
1080 3443 1122 3506 47
1210 3477 1211 3480 Ἴ

17 3539 19 3582 ;
132 3480 212 3558 Quid
228 3485 270 3549 de
289 3483 466 3570 auguribus
481 3482 618 3566 loquar?
642 3482 730 3546 Tuae
743 3485 854 3566 partes
868 3483 955 3566 sunt,
970 3483 1123 3567 tuum105

1185 3644 1189 3711 l
