2510 3936
338 172 405 228 ΜΒ.
423 173 445 228 1.
469 173 546 231 cap,
567 180 680 230 13-15.
702 180 850 240 §eu-42.
1033 174 1100 240 395

90 315 307 419 eonscientiae
333 316 521 401 fraudisque
548 317 700 384 cruciata
741 316 863 394 Quodsi
885 318 1033 386 homines
1056 319 1098 384 ab

89 407 1098 580 tittt?tnttttttttttdttttttetutttt

91 604 230 667 quorum
247 585 360 648 tamen
375 603 471 648 nemo
489 587 559 648 tam
574 583 680 648 audem
692 605 846 667 umquam
859 583 933 666 fuit,
950 584 1029 668 quin
1042 587 1099 649 aut

64 687 77 728 o
91 671 249 736 abnueret
266 692 287 735 a
305 691 340 736 se
358 671 566 736 commissum
585 692 656 736 esse
673 671 799 738 facinus
813 675 871 738 aut
883 671 963 738 iusti
976 672 1027 738 sui
1045 672 1099 738 do

89 758 172 824 loris
190 779 322 824 eausam
340 759 484 842 aliquam
497 760 637 845 fingeret
650 759 931 843 defensionemque
944 759 1098 826 facinoris

90 870 111 912 a
140 850 276 912 naturae
303 847 372 913 iure
400 847 509 933 aliquo
537 851 716 932 quaereret.
761 846 851 923 Quae
878 848 907 912 si
933 848 1099 933 appellare

90 936 212 1000 audent
240 936 345 1020 impii,
376 957 439 1020 quo
468 936 601 1002 tandem
629 936 736 1002 studio
764 936 912 1004 oolentur
939 958 959 1000 a
982 936 1098 1002 bonis?

90 1022 215 1100 Quodsi
236 1046 355 1109 poena,
379 1024 407 1089 si
430 1028 537 1090 metus
559 1024 724 1110 supplicii,
745 1043 813 1090 non
834 1024 909 1110 ipsa
929 1024 1099 1109 turpitude

53 1130 77 1169 10
91 1113 234 1178 deterret
256 1112 298 1177 ab
319 1112 477 1178 iniuriosa
496 1112 740 1197 facinerosaque
761 1112 839 1196 uita,
861 1134 956 1178 nemo
980 1116 1031 1178 est
1052 1113 1099 1178 iu·

89 1202 211 1285 iustus,
237 1204 295 1266 aut
317 1201 440 1266 inoauti
461 1201 571 1285 potius
594 1200 735 1266 habendi
758 1204 834 1266 sunt
856 1200 999 1285 inprobi3
1026 1204 1098 1268 tum
1117 1213 1150 1264 41

90 1293 215 1372 autem,
242 1289 298 1373 qui
324 1311 390 1354 non
412 1289 484 1374 ipso
507 1289 646 1356 honesto
669 1310 851 1374 movemur,
877 1289 1015 1356 utboni
1037 1289 1100 1356 viri

90 1379 203 1461 simus,
225 1377 281 1444 sed
303 1377 447 1444 utilitate
466 1377 577 1461 aliqua
595 1382 693 1461 atque
710 1377 827 1462 fructu,
850 1377 960 1444 callidi
979 1399 1100 1462 sumus,

89 1487 157 1532 non
182 1465 275 1549 boni3
305 1487 382 1532 nam
410 1465 487 1551 quid
509 1465 608 1531 faciet
628 1467 658 1530 is
680 1466 779 1532 homo
801 1466 837 1532 in
858 1467 1015 1551 tenebris,
1045 1465 1100 1551 qui

54 1570 78 1611 1⁵
90 1554 175 1620 nihil
200 1553 297 1619 timet
323 1554 387 1618 nisi
413 1557 532 1620 testem
559 1557 593 1620 et
617 1553 778 1620 iudicem?
810 1554 887 1639 quid
914 1554 949 1620 in
972 1555 1099 1620 deserto

91 1664 156 1727 quo
188 1641 260 1708 loeo
289 1646 419 1727 nactus,
450 1663 546 1726 quem
577 1642 681 1706 multo
709 1664 789 1708 auro
816 1642 958 1727 spoliare
984 1643 1099 1727 possit,

90 1730 280 1797 inbecillum
307 1735 404 1815 atque
432 1729 560 1797 solum?
596 1729 718 1795 Noster
745 1729 876 1814 quidem
901 1730 956 1796 hio
982 1735 1100 1797 natura

90 1820 196 1884 iustus
227 1819 279 1884 vir
310 1841 348 1885 ao
377 1820 481 1884 bonus
510 1819 609 1884 etiam
636 1818 862 1902 conloquatur,
893 1818 1034 1902 iuvabit,
1065 1818 1101 1884 in

91 1908 180 1974 viam
203 1907 350 1991 dedueet3
375 1907 404 1972 is
426 1929 513 1992 vero,
539 1907 596 1991 qui
617 1906 700 1970 nihil
723 1907 858 1972 alterius
882 1927 980 1972 eausa
1001 1906 1100 1974 faeiat

54 2013 79 2052 2⁰
92 2000 126 2061 et
149 1995 301 2060 metietur
324 1995 391 2061 suis
409 1995 587 2061 commodis
606 1995 723 2078 omnia,
745 1994 872 2078 videtis,
895 1995 1000 2079 oredo,
1023 1994 1100 2079 quid

93 2085 137 2149 sit
165 2088 310 2168 aeturus3
337 2083 453 2168 quodsi
479 2083 614 2170 negabit
642 2104 677 2147 se
703 2083 755 2148 illi
784 2083 887 2149 vitam
914 2087 1100 2168 erepturum

92 2176 126 2239 et
154 2195 269 2237 auium
295 2173 495 2256 ablaturum,
521 2193 699 2256 numquam
726 2172 769 2238 ob
800 2194 871 2238 eam
894 2193 1026 2238 oausam
1048 2193 1101 2238 ne·

93 2260 200 2346 gabit‚
232 2259 319 2344 quod
349 2260 384 2325 id
413 2264 533 2324 natura
558 2264 653 2344 turpe
675 2260 808 2344 iudicet,
840 2259 897 2326 sed
924 2261 1010 2344 quod
1037 2281 1101 2325 me

91 2353 180 2432 tuat,
210 2369 252 2414 ne
278 2352 420 2432 emanet,
449 2346 482 2412 id
510 2351 560 2412 est
586 2369 627 2413 ne
654 2348 777 2414 malum
803 2347 933 2412 habeat.
978 2347 1005 2412 Ο
1031 2369 1101 2412 rem

54 2453 80 2494 2⁵
94 2437 241 2522 dignam,
267 2435 304 2501 in
330 2459 394 2521 que
415 2458 482 2501 non
504 2435 600 2500 modo
624 2435 724 2520 docti,
752 2435 809 2500 sed
831 2435 931 2500 etiam
954 2439 1100 2521 agrestes

93 2525 299 2590 erubeseunt!

159 2612 231 2678 Iam
266 2634 344 2678 vero
378 2612 460 2678 illud
492 2611 739 2696 stultissimum,
775 2611 960 2676 existimare
991 2610 1101 2678 omnia
1111 2580 1153 2705 1452)

92 2703 182 2766 iusta
204 2723 283 2786 esse,
305 2722 388 2786 quae
411 2701 475 2766 sita
499 2701 564 2768 sint
586 2701 622 2774 in
642 2700 838 2785 populorum
860 2698 1020 2764 institutis
1043 2703 1101 2763 aut

92 2789 232 2875 legibus.
272 2788 433 2874 Etiamne,
456 2789 485 2854 si
507 2811 590 2873 quae
612 2789 702 2874 leges
726 2787 793 2852 sint
814 2787 1049 2871 tyrannorum?
1073 2786 1101 2850 si

55 2894 79 2935 ³⁰
93 2878 233 2964 triginta
254 2877 306 2943 illi
328 2877 467 2943 Athenis
489 2878 579 2962 leges
601 2877 755 2960 inponere
777 2875 971 2958 voluissent,
994 2877 1052 2940 aut
1073 2874 1102 2940 si

93 2987 206 3032 omnes
238 2964 454 3030 Athenienses
487 2965 722 3031 delectarentur
753 2963 932 3048 tyrannicis
964 2963 1101 3116 lffibus,

92 3077 172 3120 num
208 3055 326 3120 ideireo
363 3075 419 3120 eae
455 3054 546 3139 leges
577 3053 683 3118 iustae
713 3052 933 3118 haberentur?
1011 3050 1101 3133 ihilo,

93 3143 203 3229 oredo,
225 3143 330 3229 magis
353 3143 425 3224 iila,
449 3163 546 3225 quam
567 3142 710 3208 interrex
731 3144 843 3208 noster
865 3139 956 3222 tulit,
979 3141 1016 3202 ut
1039 3137 1101 3203 dio·

93 3235 197 3316 tator‚
229 3253 325 3315 quem
354 3231 454 3296 vellet
486 3229 618 3314 civium,
648 3231 860 3294 iadennotum
891 3228 948 3294 aut
979 3225 1101 3292 indicta

54 3333 81 3376 ³⁵
95 3341 193 3384 eausa
221 3318 341 3403 inpune
370 3322 482 3403 posset
511 3317 662 3384 occidere.
706 3315 769 3382 Est
798 3316 883 3380 enim
912 3335 1013 3380 unum
1041 3314 1101 3397 ius,

94 3429 159 3491 quo
183 3407 332 3473 devinote
354 3411 405 3470 est
426 3406 595 3472 hominum
619 3406 766 3488 societas,
789 3408 822 3469 et
845 3402 930 3487 quod
954 3401 1005 3468 lex
1028 3423 1102 3468 eon-

95 3496 204 3560 stituit
226 3517 305 3578 una3
327 3516 410 3578 quae
432 3494 484 3560 lex
508 3498 559 3560 est
581 3497 670 3560 reeta
692 3493 776 3558 ratio
799 3490 980 3578 imperandi
1003 3493 1100 3575 atque
