2476 3936
164 181 229 247 318
526 178 575 232 nn
593 176 815 232 annuerim

165 324 340 410 diligentis.
379 320 442 387 Sed
464 325 575 388 tamen
596 321 759 407 prioribus
783 320 928 405 equitum
949 320 1099 405 partibus
1122 340 1163 384 se

164 442 193 494 p.
206 415 255 494 ³8]
283 411 394 477 'cundia
423 410 540 475 additis
564 430 604 472 oo
631 429 665 476 ιο
689 426 752 475 ccc
778 409 856 474 fecit
880 408 885 492 Ι
909 409 1035 492 equites
1061 428 1166 472 nume

164 521 300 584 rumque
332 499 519 584 duplicavit.
561 497 681 563 Postea
711 497 799 562 bello
827 497 958 583 subegit
984 496 1168 597 aequorum
1226 494 1227 566 l

164 585 873 759 ffitatlttmttltttttttlt
889 585 1203 738 tttltdtta

163 763 374 851 reppulisset,
408 763 555 846 equitatu
586 762 671 827 fudit
702 762 854 847 belloque
885 759 1013 827 devicit.
1063 760 1170 846 Atque
1227 786 1228 842 q

165 853 301 918 eundem
331 853 473 937 primum
503 850 598 916 ludos
630 851 804 934 maximos,
836 850 892 935 qui
922 849 1065 914 Romani
1097 848 1172 915 dicti
1227 883 1228 892 κ

166 946 256 1026 sunt,
286 939 401 1006 fecisse
435 939 616 1024 accepimus
644 938 817 1022 aedemque
848 939 884 1003 in
910 937 1077 1024 Capitolio
1103 936 1173 1002 Iovi

165 1030 291 1116 optimo
318 1028 460 1093 maximo
487 1025 574 1092 bello
598 1025 719 1092 Sabino
746 1027 781 1090 in
807 1027 881 1113 ipsa
907 1046 1020 1112 pugna
1046 1027 1172 1092 vovisse

164 1147 192 1198 p.
212 1121 261 1199 31]
283 1113 473 1202 facienldam
491 1118 719 1199 mortuumque
738 1136 817 1200 esse,
840 1136 913 1181 cum
931 1114 1173 1200 duodequadra·
1184 1134 1204 1173 1⁰

167 1207 259 1292 ginta
282 1204 486 1290 regnavisset
509 1225 619 1269 annos.
1228 1209 1229 1244 ³

113 1278 155 1341 21
233 1292 315 1356 Tum
338 1291 481 1356 Laelius:
508 1289 603 1357 Nunc
629 1292 669 1355 fit
695 1291 776 1356 illud
798 1290 933 1358 Catonis
956 1293 1093 1376 certius,
1119 1313 1174 1356 nec

113 1356 146 1403 ³⁷
166 1379 323 1464 temporis
352 1380 446 1444 unius
476 1400 535 1445 nec
564 1380 706 1445 hominis
734 1401 804 1444 esse
832 1380 1103 1445 constitutionem
1130 1380 1174 1444 rei

165 1469 329 1555 publicae3
351 1467 558 1553 perspicuum
581 1472 631 1532 est
649 1468 744 1552 enim,
760 1473 889 1552 ¹quanta
906 1469 941 1533 in
960 1469 1112 1556 singulos
1129 1489 1175 1533 re

168 1579 224 1645 ges
249 1578 357 1621 rerum
380 1556 538 1621 bonarum
561 1561 594 1620 et
612 1556 742 1621 utilium
764 1557 823 1621 fiat
846 1557 995 1622 accessio.
1041 1555 1109 1623 Sed
1132 1577 1206 1621 serr

167 1647 278 1731 quitur
299 1645 337 1728 is,
363 1644 418 1729 qui
439 1644 521 1709 mihi
543 1645 672 1710 videtur
695 1667 733 1709 ex
755 1644 905 1710 omnibus
927 1645 962 1709 in
984 1667 1020 1710 re
1043 1646 1175 1730 publica

166 1735 284 1800 vidisse
305 1733 490 1818 plurimum.
536 1731 589 1797 Ita
612 1737 675 1816 est,
697 1733 804 1817 inquit
826 1731 943 1818 Scipio.
987 1731 1078 1798 Nam
1101 1737 1176 1819 post

165 1851 192 1903 p.
217 1824 265 1903 aa]
303 1843 377 1887 enm
408 1819 537 1886 Servius
570 1818 705 1908 Tulllius
741 1822 865 1906 primus
900 1821 1027 1886 iniussu
1061 1822 1174 1908 populi
1230 1845 1231 1850 ¹

165 1909 353 1997 regnavisse
370 1909 520 1994 traditur,
539 1930 636 1993 quem
653 1909 761 1974 ferunt
779 1931 817 1975 ex
832 1931 926 1974 serva
939 1905 1174 1994 Tarquiniense

165 1998 288 2081 natum,
310 2020 384 2062 cum
407 2001 492 2063 esset
515 2019 554 2062 ex
577 1998 717 2082 quodam
739 1998 826 2083 regis
848 1997 967 2063 cliente
989 2003 1207 2085 conceptusa

165 2085 228 2162 Qui
259 2107 332 2150 cum
361 2085 559 2151 famulorum
585 2088 622 2150 ia
646 2107 780 2150 numero
809 2086 962 2151 educatus
990 2087 1041 2152 ad
1060 2089 1174 2173 epulas
1231 2093 1232 2142 l

165 2173 254 2259 regis
278 2173 459 2257 adsisteret,
481 2195 547 2239 non
569 2174 667 2240 latuit
690 2174 833 2239 scintilla
850 2175 982 2261 ingenii,
1005 2197 1091 2260 quae
1109 2177 1174 2242 iam

166 2267 238 2326 tum
265 2261 412 2326 elucebat
439 2262 472 2326 in
499 2283 614 2347 puero;
641 2262 688 2327 sic
715 2266 785 2327 erat
811 2264 846 2327 in
874 2263 962 2328 omni
989 2264 1042 2328 vel
1067 2263 1174 2330 officio

166 2351 218 2416 vel
242 2371 389 2416 sermone
412 2349 536 2415 sollers.
572 2348 687 2434 Itaque
700 2350 903 2436 Tarquinius,
926 2351 981 2435 qui
999 2352 1174 2418 admodum

166 2461 284 2526 parvos
307 2443 378 2502 tum
400 2438 536 2502 haberet
558 2438 688 2522 liberos,
711 2439 757 2502 sic
780 2436 927 2504 Servium
945 2439 1117 2525 diligebat,
1139 2444 1207 2505 uta

165 2557 193 2608 p.
208 2530 274 2608 291]
294 2526 323 2590 is
339 2526 406 2590 eius
421 2526 520 2610 vulgo
534 2523 718 2612 halberetur
731 2527 827 2610 filius,
845 2532 942 2612 atque
956 2549 1030 2592 eum
1045 2550 1174 2594 summo

167 2616 274 2680 studio
298 2614 446 2679 omnibus
470 2614 510 2678 iis
529 2615 664 2697 artibus,
687 2637 768 2698 quas
785 2616 855 2700 ipse
874 2615 1039 2699 didicerat,
1062 2618 1106 2683 ad
1125 2640 1174 2683 er-

113 2717 147 2766 38
167 2703 413 2788 quisitissimam
436 2703 700 2767 consuetudinem
723 2702 920 2769 Graecorum
944 2704 1071 2770 erudiit.
1112 2703 1172 2770 Sed

167 2815 239 2857 eum
262 2790 456 2874 Tarquinius
485 2790 610 2856 insidiis
634 2790 717 2857 Anci
743 2789 886 2858 filiorum
911 2793 1080 2858 interisset
1103 2791 1173 2860 Ser·

165 2880 309 2963 vinaque,
331 2883 369 2942 ut
388 2883 463 2944 ante
482 2879 556 2963 dixi,
578 2899 713 2966 regnare
732 2880 893 2965 coepisset
909 2903 974 2946 non
991 2881 1094 2967 iussu,
1118 2882 1173 2948 sed
1185 2901 1206 2940 a

166 2967 335 3034 voluntate
363 2970 460 3051 atque
483 2989 635 3034 concessu
658 2967 789 3052 civium,
817 2969 915 3054 quod,
942 2991 1015 3034 oum
1038 2969 1173 3057 Tarqui·

166 3085 193 3137 p.
213 3057 279 3135 eea]
307 3054 380 3118 nius
409 3077 448 3120 ex
474 3055 606 3120 vulnere
634 3052 740 3144 seiger
766 3056 866 3122 fuisse
894 3062 927 3122 et
955 3057 1064 3123 vivere
1087 3058 1172 3124 falso

167 3145 339 3227 diceretur,
366 3143 422 3207 ille
446 3143 536 3229 regio
560 3147 678 3208 ornatu
699 3144 749 3208 ius
774 3144 909 3210 dixisset
934 3146 1172 3232 obaeratosque

166 3233 302 3319 pecunia
324 3254 383 3296 sua
404 3231 608 3296 liberavisset
627 3231 794 3317 multaque
812 3234 965 3298 comitate
983 3255 1061 3298 usus
1079 3236 1172 3300 iussu

167 3320 335 3405 Tarquinii
362 3339 397 3384 se
419 3320 470 3383 ius
493 3319 597 3383 dicere
619 3320 837 3404 probavisset,
862 3343 929 3386 non
950 3323 1113 3388 commisit
1137 3339 1206 3387 sest

166 3408 329 3492 patribus,
358 3405 414 3469 sed
436 3405 611 3489 Tarquinio
639 3409 767 3493 sepulto
793 3410 950 3494 populum
977 3410 1016 3475 de
1043 3411 1170 3496 seipse

167 3493 329 3558 consuluit
351 3493 521 3576 iussusque
543 3515 679 3579 regnare
702 3497 809 3582 legem
832 3499 870 3562 de
887 3499 1022 3584 imperio
1040 3521 1098 3564 suo
1117 3521 1170 3564 cu-
