2458 3934
151 185 220 276 '158
506 207 817 264 osorvmnmoua

156 378 254 441 quam
277 356 354 421 deos
377 377 428 420 res
446 357 608 420 humanas
626 375 738 419 curare
755 353 930 438 fateamur3
953 352 1055 437 quid?
1078 352 1165 437 quod

156 445 312 528 seriptum
336 444 421 530 apud
444 447 477 508 te
500 447 551 508 est
574 443 612 506 de
633 441 681 506 Ti.
699 441 855 524 Graccho,
877 463 984 505 nonne
1007 445 1042 506 et
1064 462 1167 526 augu-

155 553 229 597 rum
255 537 288 597 et
314 531 523 617 haruspicum
551 530 731 616 conprobat
754 530 982 614 disciplinam?
1011 529 1068 613 qui
1091 531 1167 593 cum

155 620 401 685 tabernaculum
414 619 496 686 vitio
510 619 648 704 cepisset
660 618 845 703 inprudens,
861 618 946 702 quod
958 618 1167 702 inauspicato

155 709 335 794 pomerium
361 712 585 793 transgressus
614 709 711 788 esset,
739 695 872 770 coinitia
898 705 1088 770 consulibus
1117 727 1168 769 ro
1194 723 1223 786 a,

156 795 272 881 gaudis
300 795 424 862 habuit.
470 793 560 860 Nota
587 815 639 858 res
669 796 719 858 est
749 798 782 857 et
811 815 831 858 a
858 794 986 878 teipso
1009 793 1169 858 mandata
1222 799 1223 816 ²

156 885 383 950 monumentis.
428 881 491 948 Sed
518 887 551 948 et
578 883 649 968 ipse
672 902 776 968 augur
799 880 846 944 Ti.
870 879 1036 946 Gracchus
1060 882 1169 966 auspi·
1222 895 1223 950 ζ

156 973 278 1039 ciorum
306 972 534 1040 auctoritatem
561 969 761 1034 confessione
790 970 889 1033 errati
913 971 963 1032 sui
986 970 1169 1054 conproba-

155 1061 212 1144 vit,
235 1063 269 1126 et
291 1059 499 1144 haruspicum
523 1057 711 1142 disciplinae
733 1077 855 1143 magna
873 1057 1010 1122 accessit
1027 1058 1169 1123 auctori-

155 1153 221 1230 tas,
258 1149 313 1232 qui
349 1147 532 1213 recentibus
566 1145 706 1212 comitiis
738 1145 774 1209 in
805 1149 954 1210 senatum
986 1146 1168 1210 introducti
1182 1166 1205 1204 n

104 1288 119 1350 1
154 1239 358 1322 negaverunt
379 1236 502 1300 iustum
525 1233 730 1300 comitiorum
752 1237 939 1320 rogatorem
960 1233 1073 1299 fuisse.

102 1289 145 1414 3}
221 1321 267 1387 lis
290 1323 391 1408 igitur
415 1322 592 1407 adsentior,
620 1322 675 1406 qui
698 1322 760 1387 duo
785 1342 905 1408 genera
927 1321 1169 1388 divinationum
1223 1358 1224 1407 p

156 1430 226 1477 esse
250 1409 411 1495 dixemnt,
435 1433 544 1494 unum,
567 1410 654 1495 quod
675 1410 838 1494 particeps
862 1415 948 1476 esset
971 1411 1063 1495 artis,
1087 1411 1168 1476 alte
1223 1409 1224 1476 l

154 1521 237 1584 rum,
259 1499 346 1583 quod
369 1503 439 1564 arte
462 1503 595 1566 careret.
635 1497 698 1562 Est
721 1498 806 1561 enim
829 1499 940 1563 arsin
961 1499 1012 1583 iis,
1034 1500 1093 1582 qui
1110 1521 1168 1563 no
1223 1503 1224 1508 ’

155 1609 213 1654 vas
236 1609 289 1653 res
312 1587 495 1656 coniectura
517 1589 764 1672 persequuntur,
786 1590 911 1651 veteres
935 1587 1203 1653 observationes

156 1675 344 1742 didicerunt.
380 1675 501 1742 Carent
523 1679 632 1740 autem
656 1679 725 1739 arte
748 1675 781 1757 ii,
805 1675 860 1758 qui
877 1696 944 1740 non
962 1676 1090 1740 ratione
1108 1680 1167 1740 aut

157 1765 340 1831 coniectura
359 1763 538 1830 observatis
558 1785 595 1828 ac
608 1763 731 1828 notatis
746 1763 858 1850 signis,
878 1763 933 1827 scd
948 1764 1166 1829 concitatione

157 1853 296 1938 quadam
320 1853 419 1918 animi
443 1857 500 1918 aut
523 1852 630 1916 soluto
650 1851 816 1934 liberoque
835 1855 927 1915 motu
944 1851 1055 1916 futura
1073 1875 1166 1937 prae

157 1941 310 2024 sentiunt,
334 1941 420 2024 quod
442 1943 475 2005 et
494 1939 731 2004 somniantibus
751 1961 846 2024 saepe
865 1939 1028 2026 contingit
1047 1944 1081 2004 et
1097 1961 1167 2005 non
1224 1969 1225 2004 l

154 2050 332 2111 numquam
353 2028 606 2093 vaticinantibus
628 2047 687 2112 per
708 2027 860 2110 furorem,
882 2031 920 2091 ut
942 2025 1038 2092 Bacis
1061 2026 1165 2093 Boeo·
1179 2009 1225 2085 al

155 2117 230 2200 tius,
252 2119 290 2180 ut
306 2115 515 2201 Epimenides
534 2115 622 2199 Ores,
644 2118 681 2179 ut
698 2112 824 2198 Sibylla
837 2113 1031 2198 Erythraea.
1062 2113 1165 2181 Gaius

156 2203 285 2290 generis
317 2203 426 2269 oracla
459 2203 558 2269 etiam
588 2202 738 2268 habenda
770 2207 859 2286 sunt,
894 2225 961 2268 non
992 2225 1044 2287 ea,
1081 2225 1165 2289 quae

157 2291 303 2378 aequatis
333 2291 476 2357 sortibus
506 2292 679 2374 ducuntur,
712 2290 767 2356 sed
792 2290 864 2374 illa,
896 2313 978 2375 quae
1004 2292 1165 2358 instinctu

156 2379 264 2446 divino
297 2379 481 2463 adflatuque
510 2379 702 2462 funduntur,
734 2379 797 2443 etsi
822 2379 895 2465 ipsa
922 2400 992 2444 sors
1022 2385 1164 2445 contem·

154 2469 260 2534 nenda
285 2489 352 2534 non
379 2473 442 2552 est,
470 2468 498 2533 si
522 2469 582 2548 [et]
606 2467 833 2532 auctoritatem
856 2467 957 2532 habet
978 2470 1164 2551 vetustatis,
1177 2485 1201 2525 2⁵

155 2560 193 2622 ut
225 2577 280 2621 eae
313 2559 389 2622 sunt
418 2559 536 2639 sortes,
569 2577 649 2639 quas
677 2577 694 2618 e
721 2559 809 2619 terra
837 2555 939 2620 editas
968 2557 1164 2642 accepimus3

157 2665 238 2729 quae
261 2647 372 2708 tamen
394 2643 509 2710 ductae
532 2646 569 2707 ut
591 2643 626 2706 in
648 2665 717 2707 rem
736 2645 811 2728 apte
829 2642 956 2727 cadant,
978 2643 1049 2708 fieri
1067 2645 1164 2709 credo

155 2752 251 2817 posse
269 2731 432 2797 divinitus.
468 2729 611 2807 Quorum
626 2731 769 2795 omnium
781 2731 987 2816 interpretes,
1004 2735 1043 2796 ut
1057 2753 1164 2818 gram·

155 2819 266 2884 matici
292 2824 476 2904 pottarum,
503 2819 649 2904 proxime
678 2819 719 2882 ad
746 2841 869 2902 eorum,
901 2840 981 2903 quos
1004 2819 1162 2907 interpre-

101 2918 135 2968 35
155 2908 277 2988 tantur,
300 2907 532 2972 divinationem
554 2907 704 2970 videntur
726 2906 882 2972 accedere.
919 2906 1007 2982 Quae
1031 2911 1082 2972 est
1103 2909 1200 2995 igi-a

155 2998 210 3058 tur
231 2993 297 3058 ista
320 2995 482 3059 calliditas
505 3016 556 3058 res
578 2998 742 3059 vetustate
766 2995 917 3059 robustas
936 2996 1163 3062 calumniando

154 3081 240 3147 velle
258 3081 464 3167 pervertere?
495 3081 570 3147 Non
589 3083 714 3166 reperio
733 3103 871 3148 causam.
907 3081 1004 3149 Latet
1021 3083 1163 3150 fortasse

156 3170 353 3235 obscuritate
380 3168 528 3234 involuta
554 3173 703 3254 naturae3
725 3192 791 3235 non
814 3171 900 3235 enim
922 3171 1073 3236 me‘deur
1097 3171 1163 3236 ista

155 3259 249 3342 scire,
278 3257 334 3322 sed
359 3257 412 3322 his
440 3262 569 3322 tantum
596 3258 691 3322 modo
719 3259 769 3322 uti
795 3259 909 3323 voluit.
953 3257 1038 3324 Utar
1059 3261 1163 3346 igitur

154 3366 212 3410 nec
236 3345 375 3410 adducar
398 3349 455 3409 aut
477 3346 512 3408 in
535 3345 617 3408 extis
640 3348 745 3409 totam
762 3345 929 3412 Etruriam
949 3347 1086 3412 delirare
1105 3353 1162 3412 aut
1175 3363 1197 3404 ³⁵

92 3469 95 3475 -
156 3431 289 3496 eandem
309 3435 438 3516 gentem
456 3432 491 3494 in
509 3430 691 3514 fulgoribus
711 3455 818 3499 errare
836 3437 895 3499 aut
913 3434 1076 3500 fallaciter
1089 3457 1162 3521 por·

154 3521 247 3582 tenta
272 3517 495 3602 interpretari,
525 3537 597 3580 cum
624 3521 730 3584 terrae
754 3543 850 3607 saepe
872 3522 1035 3608 fremitus,
1064 3543 1162 3608 saepe
