2476 3936
174 191 240 256 278
530 189 579 243 ΒΕ
598 189 646 242 RE
664 187 819 244 Pusmcs

174 357 248 401 cum
275 334 373 400 simul
400 355 543 398 essemus
567 333 742 418 compluris
765 333 846 415 dies,
874 332 1034 417 exposita,
1057 331 1092 403 in
1113 351 1171 414 qua

174 424 258 488 nihil
286 423 369 506 fere,
401 421 487 506 quod
517 443 638 508 magno
670 442 766 506 opere
798 419 841 484 ad
866 419 1010 485 rationes
1037 418 1172 484 omnium

176 534 284 576 rerum
306 510 493 596 pertineret,
514 515 560 575 est
579 509 854 593 praetermissum.

136 634 157 696 9
241 652 327 718 Nam
341 675 414 718 cum
427 649 463 716 P.
472 650 645 716 Africanus
658 649 720 733 hic,
733 647 828 714 Pauli
841 649 937 734 filius,
950 646 1042 715 feriis
1054 649 1173 714 Latinis

124 709 159 758 14
176 741 337 808 Tuditano
361 761 447 806 cons.
470 744 503 804 et
525 737 658 824 Aquilio
681 737 905 803 constituisset
926 737 962 803 in
983 737 1089 804 hortis
1112 753 1203 802 esses

175 831 485 912 famrherrssrmique
509 827 576 892 eius
600 825 642 892 ad
664 848 736 891 cum
756 823 943 910 frequenter
960 849 1020 911 per
1039 849 1094 892 eos
1115 825 1174 890 dies

176 948 204 1000 p.
214 921 279 1001 27³]
293 918 511 984 ventitaturos
526 937 561 979 se
575 936 645 979 esse
660 913 824 992 dixissent,
841 911 982 1002 lLatinis
997 915 1078 1001 ipsis
1090 935 1175 980 mane

177 1009 218 1074 ad
232 1029 306 1073 eum
318 1006 442 1092 primus
456 1003 577 1070 sororis
590 1003 677 1067 filius
692 1001 780 1067 venit
794 999 831 1077 Q.
845 999 988 1086 Tuber03
1002 1025 1099 1088 quem
1113 1023 1175 1068 cum

176 1097 312 1162 comiter
330 1093 438 1178 Scipio
462 1091 694 1177 appellavisset
711 1089 915 1175 libenterque
932 1089 1080 1174 vidisset,
1102 1089 1176 1167 Quid

177 1189 222 1267 tu,
240 1183 355 1267 inquit,
373 1185 442 1246 tam
461 1201 564 1264 mane,
582 1178 732 1244 Tubero?
755 1177 878 1244 dabant
897 1177 983 1242 enim
1003 1179 1203 1245 haeseriae1⁰

175 1271 239 1336 tibi
266 1274 461 1354 oportunam
488 1290 565 1333 sane
593 1267 782 1333 facultatem
808 1267 852 1330 ad
878 1267 1089 1352 explicandas
1111 1271 1175 1332 tuas

176 1361 313 1424 litteras.
358 1356 441 1422 lum
470 1355 541 1420 ille:
570 1353 652 1420 Mihi
680 1376 756 1419 vero
784 1375 880 1420 omne
907 1358 1038 1441 tempus
1069 1360 1119 1421 est
1143 1354 1177 1419 ad

176 1468 267 1514 meos
293 1446 395 1510 libros
423 1465 574 1528 vacuum3
600 1465 777 1528 numquam
805 1440 892 1508 enim
920 1448 997 1508 sunt
1021 1444 1076 1510 illi
1098 1467 1176 1509 occu·

176 1534 259 1622 pati3
286 1537 319 1600 te
343 1537 452 1599 autem
473 1554 687 1618 permagnum
711 1535 760 1596 est
782 1531 925 1597 nancisci
949 1533 1103 1618 otiosum,
1123 1532 1176 1597 hoc

176 1654 203 1705 p.
222 1626 287 1705 2⁵14]
315 1621 507 1708 praesertim
534 1623 626 1687 motu
651 1618 655 1706 l
679 1619 727 1684 rei
752 1619 911 1704 publicae.
952 1619 1037 1686 Tum
1067 1619 1175 1706 Scipio:
1186 1631 1203 1672 1⁵

176 1711 279 1796 Atqui
297 1715 411 1776 nactus
431 1732 474 1794 es,
493 1708 549 1775 sed
567 1707 748 1774 mehercule
767 1707 956 1773 otiosiorem
973 1731 1076 1794 opera
1089 1731 1175 1794 quam

177 1800 294 1866 animo.
325 1798 371 1864 Et
376 1799 457 1872 ille:
481 1797 527 1863 At
545 1818 622 1862 vcro
641 1797 784 1860 animum
803 1817 931 1880 quoque
951 1797 1080 1864 relaxes
1089 1818 1175 1882 opor·

177 1892 239 1972 tet3
263 1909 373 1952 sumus
392 1886 478 1952 enim
496 1885 601 1968 multi,
623 1888 660 1948 ut
678 1883 915 1969 constituimus,
937 1885 1059 1970 parati,
1083 1886 1112 1950 si
1128 1890 1175 1950 tuo

177 1976 345 2043 commodo
368 1973 439 2039 fieri
460 1976 583 2058 potest,
610 1971 702 2037 abuti
725 1976 831 2037 tecum
853 1973 916 2038 hoc
939 1973 1017 2038 otio.
1055 1973 1115 2040 SC.
1133 1972 1175 2038 Li-

176 2066 274 2130 bente
307 2085 359 2128 mc
390 2083 481 2145 vero,
516 2065 554 2126 ut
586 2060 709 2145 aliquid
741 2060 914 2145 aliquando
947 2061 986 2126 de
1019 2061 1203 2128 doctrinae²⁰

179 2151 294 2216 studiis
319 2150 558 2216 admoneamur.

127 2249 169 2312 10
244 2273 328 2338 Tum
353 2273 422 2337 ille:
448 2271 550 2338 Visne
576 2273 691 2359 igitur,
722 2271 875 2356 quoniam
903 2276 936 2337 et
963 2295 1016 2338 me
1044 2274 1175 2360 quodam

126 2325 159 2374 15
179 2363 273 2429 modo
291 2361 411 2426 invitas
430 2365 463 2445 et
481 2361 530 2426 tui
548 2383 639 2446 spem
658 2361 724 2444 das,
745 2361 808 2425 hoc
825 2360 976 2445 primum,
1001 2354 1173 2445 Africamql

177 2481 205 2532 p.
225 2455 272 2534 97]
295 2450 471 2534 videamus,
494 2452 568 2514 ante
592 2471 689 2532 quam
712 2448 845 2514 veniunt
868 2448 933 2534 alii,
956 2449 1112 2533 quidnam
1130 2448 1174 2528 sit,

178 2541 217 2604 de
246 2539 312 2604 isto
345 2540 448 2603 altero
480 2537 549 2602 sole
581 2537 667 2620 quod
692 2537 878 2601 nuntiatum
905 2540 956 2601 ost
983 2537 1019 2602 in
1048 2535 1202 2604 senatul²⁵

177 2629 281 2712 neque
304 2626 390 2691 enim
412 2625 508 2710 pauci
529 2647 632 2709 neque
654 2625 742 2690 leves
766 2627 851 2708 sunt,
874 2625 987 2708 quise
1011 2625 1075 2692 duo
1099 2626 1173 2690 soles

177 2716 297 2781 vidisse
324 2715 447 2798 dicant,
473 2717 602 2778 utnon
628 2717 698 2778 tem
724 2713 803 2778 fides
825 2735 892 2778 non
913 2713 1064 2780 habenda
1087 2733 1174 2799 quam

177 2803 263 2868 ratio
286 2803 469 2887 quaerenda
492 2801 543 2866 sit.
578 2799 641 2866 Hic
660 2799 780 2886 Scipio:
804 2799 908 2876 Quam
926 2802 1045 2867 vellem
1064 2802 1173 2866 Panae

178 2891 261 2954 tium
287 2893 436 2955 nostrum
462 2890 631 2956 nobiseum
657 2889 863 2958 haberemus!
894 2889 1045 2973 quicum
1068 2894 1173 2969 cetera,

178 2982 249 3042 tum
278 2976 357 3043 haec
386 2978 539 3043 caelestia
564 2977 617 3042 vel
645 2977 880 3043 studiosissime
908 2978 993 3043 solet
1021 2984 1201 3063 quaerere.⁵⁰

177 3095 205 3146 p.
225 3067 272 3147 33]
301 3063 363 3131 Sed
390 3086 464 3151 ego,
491 3065 633 3150 Tubero,
665 3064 755 3152 (nam
781 3070 888 3132 tecum
912 3068 1067 3150 taiperto,
1096 3061 1172 3149 quod

179 3153 297 3238 sentio,
324 3151 453 3239 loquar)
480 3175 546 3218 non
567 3153 664 3218 nimis
688 3154 852 3218 adsentior
873 3153 909 3219 in
931 3155 1020 3220 omni
1040 3155 1105 3218 isto
1126 3171 1171 3238 ge

177 3263 254 3308 nere
284 3245 397 3307 nostro
429 3241 481 3305 illi
509 3240 677 3326 familiari,
709 3243 778 3326 qui,
810 3263 891 3326 quae
918 3243 972 3308 vix
999 3243 1170 3308 coniectura

179 3330 289 3413 qualia
311 3331 377 3394 sint
396 3349 569 3414 possumus
588 3329 754 3416 suspicari,
777 3331 824 3396 sic
842 3330 1002 3415 adfirmat,
1024 3333 1060 3394 ut
1078 3325 1169 3394 oculis

179 3439 218 3482 ca
247 3438 375 3484 cernere
404 3416 551 3482 videatur
581 3422 637 3482 aut
666 3422 806 3484 tractare
836 3419 932 3504 plane
959 3441 1064 3484 mauu.
1107 3414 1197 3490 Quos

179 3505 278 3568 etiam
288 3504 520 3589 sapientiorem
535 3501 701 3570 Socratem
716 3508 805 3573 soleo
819 3507 969 3592 iudicare,
984 3507 1038 3591 qui
1050 3521 1168 3571 omnem
1218 3553 1219 3616 p
