2476 3936
175 235 241 302 304
531 233 580 289 ms
599 233 647 287 uu
665 233 820 288 PUBLIGA

173 380 273 446 etiem
303 401 342 444 ex
368 402 420 445 me
448 379 558 444 audire
581 377 745 462 voluistis,
776 379 872 443 simul
894 382 928 444 et
951 377 1056 463 qualis
1080 377 1125 442 sit
1147 381 1180 443 et
1234 419 1235 434 η

173 468 332 554 optimam
368 489 439 532 esse
474 467 643 532 ostendam
678 467 887 551 expositaque
925 466 967 532 sd
999 467 1181 552 exemplum
1234 473 1235 480 ’

172 585 200 636 p.
220 559 284 637 1⁷8]
314 559 427 620 nostre
454 577 489 620 re
515 555 647 640 publiea
676 551 936 641 aeoommoidubo
965 555 1006 620 ed
1033 575 1119 640 eam,
1153 555 1182 618 si

173 649 301 729 potero,
330 665 460 709 omnem
486 643 579 708 illem
607 643 800 728 orationem,
830 665 913 727 quse
940 647 991 708 est
1018 642 1099 707 mihi
1125 643 1202 724 hu,

174 732 279 798 bende
310 731 348 797 de
376 732 499 818 optimo
527 731 669 797 civitatis
697 735 794 796 stetu.
840 729 933 808 Quod
961 732 989 796 si
1017 735 1126 798 tenere
1148 736 1207 796 ets

173 821 326 906 consequi
349 825 499 906 potuero,
529 820 691 884 cumulate
714 841 830 885 munus
853 820 929 904 hoo,
956 819 1009 885 eui
1030 841 1082 884 me
1105 819 1183 885 Lae

120 958 162 1021 47
174 909 237 974 lius
260 909 456 995 praeposuit,
478 912 515 972 ut
538 909 647 992 opinio
671 929 743 972 mee
765 907 839 991 fert,
861 909 1005 974 effecero.

122 1035 154 1084 71
241 997 325 1062 Tum
346 996 488 1062 Laelius:
514 995 619 1060 Tuum
642 1017 727 1080 vero,
750 995 864 1080 inquit,
888 993 1006 1082 Soipio,
1029 1019 1067 1062 eo
1089 999 1183 1062 tuum
1235 1011 1236 1084 t

176 1085 304 1170 quidem
331 1084 435 1150 unius.
481 1083 559 1161 uuis
583 1084 668 1149 enim
690 1087 724 1149 te
747 1085 856 1170 potius
880 1089 937 1150 eut
961 1086 999 1149 de
1023 1086 1184 1151 maiorum
1235 1085 1236 1098 ¹

175 1174 291 1239 dixerit
313 1174 488 1256 institutis,
511 1194 584 1238 oum
607 1171 651 1236 sis
675 1172 865 1238 clarissimis
888 1173 958 1258 ipse
981 1174 1182 1239 maioribus?
1198 1193 1219 1233 u

174 1290 201 1341 p.
223 1264 286 1342 15⁶]
311 1265 367 1325 eut
390 1261 429 1326 de
453 1261 576 1346 optimo
600 1265 690 1325 stetu
708 1260 874 1326 civitatis?
897 1283 994 1345 quem
1014 1265 1020 1343 1
1041 1261 1071 1326 si
1088 1261 1184 1328 habe

175 1370 260 1433 mus,
288 1348 351 1413 etsi
377 1370 417 1413 ne
444 1370 530 1413 nuno
559 1348 701 1433 quidem,
730 1351 802 1414 tum
824 1370 901 1414 vero
926 1350 998 1434 quis
1022 1354 1056 1414 te
1078 1352 1185 1436 possit

176 1458 245 1502 esse
267 1435 456 1502 florentior?
480 1441 537 1502 eut
556 1437 594 1501 de
613 1436 757 1502 consiliis
775 1437 811 1502 in
827 1441 996 1522 posterum
1014 1439 1185 1524 providen-

175 1524 233 1608 dis,
256 1547 329 1590 oum
352 1529 389 1589 tu
411 1525 536 1590 duobus
559 1524 654 1590 huius
677 1524 768 1590 urbis
787 1526 967 1591 terroribus
986 1526 1133 1613 depulsis
1150 1529 1185 1594 in

175 1635 270 1680 omne
292 1617 420 1700 tempus
442 1614 670 1699 prospexeris?
1198 1635 1237 1694 ιε1

574 1827 786 1838 —-.--—..—-

392 1981 519 2064 LIBRI
545 1981 564 2063 Ι
590 1979 649 2062 DE
676 1980 736 2062 RE
763 1979 963 2064 PUBLIOA

323 2145 607 2207 sssouuuus
634 2142 868 2206 messius
897 2148 1036 2209 sums

245 2317 273 2380 1.
300 2316 384 2383 Puu.
411 2322 474 2382 uui.
502 2317 572 2383 uisu.
593 2319 696 2400 praef.
726 2323 748 2383 7
774 2318 938 2384 Praeterea
964 2325 1009 2386 est
1034 2323 1186 2404 quaedum

175 2403 298 2487 publicu
320 2406 412 2470 etium
435 2407 623 2470 eruditorum
640 2407 768 2471 reiectio.
807 2406 912 2474 Utitur
928 2408 987 2472 ulo
1004 2410 1095 2475 etM.
1113 2411 1186 2474 uu

85 2533 88 2539 -
178 2494 238 2559 lius
266 2498 353 2560 eutru
380 2513 498 2558 omnem
524 2494 642 2577 iuqeuii
663 2495 764 2558 aleam
780 2497 902 2576 positus
923 2500 964 2574 et,
991 2498 1074 2578 quod
1094 2500 1186 2562 mire-

178 2601 257 2660 mur,
274 2601 334 2664 por
356 2581 536 2646 aduocatum
558 2583 746 2662 defenditur:

271 2681 274 2686 “
841 2693 910 2737 nee
932 2669 1186 2738 doctissimis.
1200 2692 1222 2731 u

221 2755 419 2838 †Manium
441 2756 616 2821 Persium
638 2757 731 2822 heeo
754 2756 885 2843 legere
907 2760 1011 2844 nolo,
1033 2759 1188 2826 Iunium

804 2845 975 2933 Congum
997 2849 1097 2914 volo.

180 2928 295 3010 Quodsi
312 2931 367 2996 hoo
383 2931 533 3012 Luuilius,
551 2934 606 3016 qui
618 2935 743 3016 primus
760 2935 896 3000 eouuidu
911 2937 978 3001 suu·
994 2957 1117 3016 nusum,
1142 2939 1189 3003 di-

178 3018 304 3082 cendum
332 3018 392 3084 sibi
412 3023 548 3101 putauit,
574 3023 604 3088 si
632 3019 734 3088 Cicero
761 3026 979 3103 mutuandum,
999 3027 1189 3106 praesertim

178 3125 247 3170 eum
269 3107 305 3171 de
327 3125 360 3170 ue
376 3108 503 3188 publiea
519 3110 666 3189 scriberet,
689 3115 804 3194 quanto
821 3131 878 3177 uos
894 3114 1052 3178 causatius
1069 3113 1109 3179 at
1127 3114 1188 3178 ali·

178 3213 237 3276 quo
259 3195 358 3260 iudice
379 3195 592 3276 defendimus?
1201 3219 1224 3258 2⁵

245 3282 275 3346 2.
303 3283 427 3348 Nouius
447 3304 481 3366 p.
504 3289 577 3350 426.
601 3293 622 3350 9
644 3285 747 3352 Oieero
770 3289 806 3352 de
827 3307 861 3353 re
876 3289 962 3371 publ.
985 3290 1035 3354 lut.
1058 3289 1098 3355 I:
1126 3287 1188 3374 Sic,

180 3369 333 3470 quoniam
359 3370 454 3455 plura
481 3371 637 3437 beneficis
664 3374 809 3439 eontinet
836 3375 943 3460 patria
970 3380 1003 3442 et
1030 3382 1082 3443 est
1106 3379 1190 3444 enti·

179 3477 273 3539 quior
295 3478 412 3540 parens
437 3479 534 3541 quam
556 3458 599 3544 is,
622 3462 678 3545 qui
701 3463 836 3548 creavit,
859 3465 964 3530 maior
977 3465 1017 3530 ei
1038 3467 1189 3552 profecto

180 3555 278 3624 quem
300 3543 429 3626 parenti
451 3545 586 3609 debetur
609 3548 726 3632 gratie.
