2476 3936
355 187 423 242 LIB.
442 188 464 241 1.
488 187 564 243 CAP.
584 196 695 244 11-14.
714 195 730 256 a
750 197 862 249 rc-sa.
1021 193 1086 260 281

83 331 178 396 triam
211 331 244 396 di
274 327 378 417 nolbis
410 353 613 398 communem
640 354 749 400 seeum
776 333 945 422 dederunt,
975 339 1016 419 [p.
1035 355 1087 405 aco

82 441 152 484 cum
178 421 387 504 praesertim,
416 420 445 485 si
472 420 552 486 haec
578 421 779 507 ignoremus,
809 425 914 490 multa
935 427 1031 492 nobis
1054 432 1087 492 et

81 529 200 594 magna
228 507 409 594 ignoranda
438 508 513 574 sint.
558 509 608 575 Ao
637 531 689 575 me
718 511 861 598 quidem,
890 517 928 579 ut
956 514 1087 581 hercule

81 596 179 662 etiam
211 600 245 662 te
275 597 397 682 ipsum,
428 595 532 681 Laeli,
564 598 733 682 omnisque
764 601 876 667 avidos
908 604 1086 688 sapientiae

57 684 224 772 sangnitio
254 685 328 770 ipsa
359 706 468 751 rernm
499 687 778 772 consideratioque
810 690 958 759 delectat
1003 691 1086 757 Tum
1105 708 1140 758 ao

79 772 222 840 Laelius:
249 771 325 838 Non
346 773 491 858 inpedio,
513 775 705 859 praesertim
729 777 883 861 quoniam
904 779 1014 844 feriati
1037 803 1087 845 su-

78 861 176 945 mus3v
189 861 246 926 sed
266 883 439 947 possumus
463 862 573 928 audire
594 863 717 948 aliquid
735 885 779 929 an
797 866 899 930 serius
916 868 1086 934 venimus?
1161 924 1164 930 ,

77 949 151 1016 ΡΗ.
174 947 268 1014 Nihil
290 954 343 1016 est
364 951 469 1018 adbuc
492 951 702 1035 disputatum,
725 956 767 1037 et,
791 953 796 1036 Ι
817 954 969 1038 quoniam
993 959 1034 1036 [p.
1052 972 1086 1021 43
1149 979 1171 1004 υ

78 1042 128 1104 est
150 1038 329 1125 integrum,
360 1038 499 1106 libenter
520 1039 596 1124 tibi,
622 1039 727 1124 Laeli,
754 1045 792 1106 ut
814 1041 854 1106 de
876 1064 914 1108 eo
937 1043 1087 1127 disseras,

46 1144 66 1183 1⁰
79 1126 228 1212 equidem
251 1149 447 1194 conoessero.
478 1128 516 1193 L.
539 1126 643 1194 Immo
666 1150 744 1194 uero
767 1133 800 1196 te
823 1130 1000 1216 audiamus,
1021 1132 1087 1197 nisi

76 1215 163 1282 forte
191 1215 345 1281 Manilius
377 1216 585 1282 interdictum
617 1217 749 1304 aliquod
779 1218 865 1283 inter
892 1218 972 1285 duos
1001 1221 1086 1286 soles

77 1308 174 1389 putat
201 1325 271 1370 esse
299 1305 569 1390 componendum,
600 1309 638 1370 ut
664 1306 712 1371 ita
738 1308 863 1372 caelum
889 1309 1088 1393 possideant,

77 1397 113 1460 ut
136 1397 274 1478 uterque
296 1393 485 1478 possederit.
526 1392 609 1458 'I'um
632 1393 799 1460 Manilius:
826 1395 982 1482 Pergisne
1006 1419 1088 1481 eam,

76 1481 182 1566 Laeli,
212 1485 317 1547 artem
343 1481 502 1567 inludere,
530 1482 566 1546 in
592 1503 657 1566 qua
682 1483 823 1566 primum
851 1486 981 1550 excellis
1007 1487 1089 1570 ipse,

45 1586 66 1626 ¹⁵
78 1570 192 1636 deinde
222 1570 292 1636 sine
322 1592 386 1654 qua
415 1571 498 1635 scire
526 1592 622 1634 nemo
649 1574 772 1655 potest,
804 1572 882 1655 quid
911 1573 955 1636 sit
985 1595 1088 1656 suum,

77 1659 157 1742 quid
184 1658 347 1725 alienum?
373 1660 377 1742 Ι
402 1656 465 1724 Sed
491 1658 558 1724 ista
580 1679 668 1740 mox;
694 1679 779 1726 nuuc
802 1659 970 1724 audiamus
994 1663 1034 1741 [p.
1052 1676 1087 1724 44

75 1747 222 1832 Philum,
252 1769 348 1832 quem
374 1747 468 1813 rideo
497 1746 674 1812 maioribus
701 1745 768 1810 iam
796 1746 834 1812 ds
861 1747 959 1812 rebus
987 1770 1085 1832 quam

75 1859 127 1901 me
153 1839 212 1901 aut
235 1857 332 1919 quam
353 1834 389 1900 P.
401 1834 555 1900 vMucium
576 1834 711 1900 consuli.

142 1923 227 1989 Tum
244 1923 372 1989 Philus:
391 1921 484 1988 Nihil
501 1923 580 1989 novi
596 1923 690 1988 vobis
705 1921 857 2009 adferam,
874 1945 980 2010 neque
998 1900 1140 2026 quod12‘}

43 2029 95 2078 na
113 2034 168 2080 me
186 2012 231 2078 sit
249 2012 504 2098 cogitatumaut
522 2011 702 2096 inuentum3
720 2034 796 2078 nam
814 2013 972 2078 memoria
989 2016 1084 2080 teneo

76 2099 109 2167 0.
127 2099 307 2184 Sulpicium
321 2097 462 2183 Gallum,
485 2098 717 2184 doctissimum,
735 2103 773 2164 ut
791 2101 891 2185 scitis,
909 2100 1084 2187 hominem,

75 2211 149 2255 cum
171 2188 259 2263 idem
280 2187 343 2253 hoc
364 2187 471 2253 uisum
494 2187 653 2252 diceretur
676 2191 709 2252 et
732 2192 818 2252 esset
841 2211 917 2254 casu
936 2190 1022 2275 apud
1040 2190 1084 2256 M.

74 2277 275 2358 Marcellum,
299 2276 445 2362 quicum
464 2297 501 2340 eo
520 2276 632 2341 consul
649 2275 766 2360 fuerat,
784 2276 967 2363 sphaeram,
986 2300 1083 2364 quam

74 2365 116 2432 M.
135 2363 283 2430 Marcelli
306 2386 385 2429 arus
409 2363 513 2450 captis
534 2362 539 2447 Ι
559 2361 727 2447 Syracusis
751 2386 790 2428 ex
811 2365 892 2430 urbe
910 2365 956 2430 lo·
975 2368 1015 2447 [p.
1033 2383 1084 2432 los

42 2453 299 2542 conpletissima
322 2457 419 2538 atque
443 2451 652 2516 ornatissima
675 2451 876 2536 sustulisset,
899 2475 972 2518 cum
995 2453 1086 2520 aliud

74 2542 158 2608 nihil
181 2563 221 2607 ex
241 2544 334 2606 tanta
351 2540 472 2627 praeda
490 2540 622 2604 domum
640 2561 734 2604 suam
752 2539 997 2626 deportavisset,
1019 2541 1086 2606 ius·

75 2633 156 2697 sisse
179 2629 332 2715 proferri3
355 2629 444 2694 cuius
468 2649 529 2716 ego
549 2627 706 2714 sphaerae
725 2649 798 2693 cum
815 2649 971 2714 persaepe
988 2651 1084 2714 prop-

75 2723 124 2784 ter
138 2717 328 2783 Archimedi
346 2717 486 2804 gloriam
504 2737 622 2782 nomen
636 2715 806 2800 audissem,
825 2717 965 2802 speciem
978 2717 1086 2801 ipsam

75 2830 139 2874 non
164 2829 236 2872 sum
258 2809 352 2872 tanto
376 2826 472 2890 opere
495 2805 688 2888 admiratum
711 2809 782 2869 erat
804 2803 891 2870 enim
911 2804 971 2870 illa
988 2827 1084 2871 venu-

42 2897 158 2962 ortior
186 2898 220 2960 et
246 2893 388 2959 nobilior
414 2893 449 2957 in
475 2893 607 2980 volgus,
639 2916 737 2981 quam
765 2894 806 2958 ab
835 2893 947 2958 eodem
970 2892 1084 2960 Archi-

76 2983 168 3050 mede
198 2983 322 3048 factam
347 2985 502 3065 posuerat
528 2982 713 3068 intemplo
740 2981 882 3046 Virtutis
909 2981 1083 3048 Marcellus

76 3073 170 3140 idem.
207 3069 269 3136 Sed
291 3075 505 3156 posteaquam
525 3069 530 3154 Ι
550 3071 656 3154 coepit
678 3069 838 3136 rationem
860 3070 956 3136 huius
976 3072 1017 3150 [p.
1032 3086 1083 3136 104
1101 3082 1137 3131 aa

77 3159 184 3248 operis
213 3159 426 3224 scientissime
450 3156 564 3223 Gallus
593 3179 764 3244 exponere,
791 3159 865 3243 plus
892 3159 928 3222 in
954 3158 1013 3222 illo
1037 3155 1084 3222 Si·

77 3251 148 3314 culo
183 3248 320 3334 ingenii,
355 3269 453 3332 quam
483 3246 646 3311 videretur
676 3251 795 3312 natura
825 3246 968 3310 humana
998 3245 1084 3310 ferre

44 3337 232 3422 tepotuisse,
254 3336 393 3401 iudicavi
415 3335 524 3400 fuisse.
564 3333 703 3400 Dicebat
725 3334 811 3399 enim
834 3332 948 3397 Gallus
972 3333 1084 3418 sphae

79 3448 132 3491 rae
153 3425 245 3492 illius
269 3424 403 3490 alterius
426 3423 549 3490 solidae
572 3426 669 3506 atque
691 3423 807 3506 plenae
828 3425 921 3486 vetus
945 3441 1015 3485 csse
1036 3421 1083 3484 in·

77 3518 221 3599 rentum,
248 3517 282 3579 et
309 3535 381 3580 eam
409 3511 587 3578 aThalete
609 3510 737 3576 Milesio
759 3506 901 3595 primum
924 3529 995 3574 ease
1017 3512 1083 3574 tor·
