2478 3936
307 218 441 274 1111111.
460 219 536 274 cAP.
557 225 635 276 c-a
655 225 670 286 1
689 225 802 274 11-11.
992 221 1055 283 113

69 365 95 426 11
116 363 247 427 terrenis
274 385 341 428 non
367 385 538 447 possumus
567 363 684 447 dicere,
711 385 783 428 cum
810 386 849 429 ea
870 364 964 447 fiant,
990 384 1057 428 non

68 471 124 514 csse
151 451 288 534 multos,
319 452 375 535 qui
400 453 459 516 illa
486 454 634 516 metuant
656 455 690 516 et
713 473 732 515 a
755 451 804 516 dis
827 452 1055 517 inmortalibus

66 537 123 601 fieri
147 539 358 624 existument3
384 540 440 604 sed
462 561 529 604 non
550 539 583 603 id
607 540 785 624 quaeritur,
814 541 921 605 sintne
944 541 1055 624 aliqui,
1076 555 1108 603 1⁷

67 627 110 708 qui
130 626 203 692 deos
228 649 300 692 esse
322 630 447 711 putent,
470 627 503 692 di
525 631 634 692 utrum
657 627 723 693 sint
745 649 844 693 necne
864 629 939 711 sint,
963 649 1056 712 quse-

15 753 17 776 2
48 713 141 780 1111111.
184 713 274 781 Nam
301 716 445 800 reliquae
472 738 601 799 causae,
632 737 711 801 quas
739 714 913 781 Cleanthes
942 717 1057 800 adfert,

66 824 185 884 quarum
202 825 271 869 una
288 808 338 868 est
356 803 395 868 da
413 805 663 887 commodorum,
682 825 764 888 quaa
783 805 936 890 capimus,
953 805 1056 889 copia,

65 890 153 955 altera
180 891 220 956 de
248 895 435 978 temporum
462 892 573 957 ordine
595 892 740 976 caelique
763 893 958 974 constantia,
986 896 1057 957 tum

64 979 279 1044 tractabuntur
298 1003 318 1044 a
335 981 439 1063 nobis,
458 1002 531 1045 cum
550 980 787 1063 disputabimus
802 980 840 1044 de
854 980 1058 1064 providentia

65 1065 188 1150 deorum,
208 1068 249 1132 de
270 1088 334 1151 qua
351 1068 492 1153 plurima
507 1072 580 1152 ate,
594 1067 706 1151 Balbo,
724 1069 810 1132 dicta
825 1072 913 1152 sunt;
932 1069 1056 1132 eodem·
1076 1082 1109 1133 18

39 1168 56 1209 1⁰
66 1174 114 1235 que
141 1155 200 1219 illa
233 1155 334 1220 etiam
366 1155 563 1238 differemus,
596 1156 681 1240 quod
709 1154 927 1241 Chrysippum
954 1156 1058 1222 dicere

67 1242 173 1326 aiebas,
196 1243 353 1327 qnoniam
377 1247 462 1308 esset
486 1244 609 1327 aliquid
630 1245 666 1309 in
687 1267 796 1309 rerum
818 1248 949 1328 natura,
973 1245 1059 1329 quod

65 1328 97 1391 ab
115 1329 246 1395 homine
270 1330 355 1397 effici
376 1353 442 1396 non
464 1336 584 1417 posset,
607 1353 678 1397 esse
701 1332 823 1415 aliquid
846 1333 976 1398 homine
994 1355 1059 1398 me

64 1415 123 1501 lius,
136 1440 284 1502 quaeque
297 1419 332 1483 in
346 1419 441 1484 domo
455 1419 592 1503 pulchra
605 1442 677 1485 cum
691 1421 930 1506 pulchritudine
947 1421 1059 1486 mundi

65 1507 274 1591 comparabas,
297 1510 330 1571 et
353 1529 425 1572 cum
447 1507 549 1571 totius
573 1508 684 1573 mundi
707 1508 964 1574 convenientiam
987 1530 1059 1574 con·

39 1606 245 1678 mensumque
275 1594 456 1679 adferebas,
488 1594 688 1679 Zenonisque
715 1596 823 1660 brevis
851 1600 884 1660 et
912 1597 1059 1660 acutulas

65 1683 274 1747 conclusiones
306 1683 341 1746 in
372 1705 443 1748 eam
474 1687 603 1768 partem
636 1683 806 1764 sermonis,
838 1705 936 1765 quam
964 1684 1059 1748 modo

15 1803 17 1820 ι
66 1767 130 1853 diri,
152 1771 354 1854 differemus,
381 1771 556 1856 eodemque
579 1774 725 1854 tempore
747 1770 807 1834 illa
830 1771 951 1854 omnia,
979 1793 1060 1854 quae

67 1860 137 1942 ate,
159 1859 305 1944 physice,
329 1859 416 1924 dicta
439 1863 514 1923 sunt
537 1859 577 1923 de
599 1859 633 1924 vi
652 1858 750 1944 ignea
768 1856 870 1942 deque
888 1879 926 1923 eo
945 1858 1061 1943 calore,

66 1964 96 2007 ex
120 1967 182 2029 quo
208 1947 317 2011 omnia
340 1947 488 2033 generari
511 1946 653 2030 dicebas,
680 1947 752 2011 loco
776 1965 834 2011 suo
857 1950 1060 2031 quaerentur,

39 2035 240 2119 ²⁰omniaque,
267 2057 349 2118 quac
377 2057 397 2100 a
422 2039 456 2100 te
482 2034 738 2100 nudiustertius
762 2035 959 2119 dictasunt,
988 2057 1060 2100 cum

67 2119 166 2188 docere
190 2122 293 2187 velles
318 2124 393 2188 deos
413 2144 492 2206 esse,
515 2144 614 2206 quare
633 2127 665 2188 et
684 2123 821 2187 mundus
839 2124 1008 2188 universus
1028 2127 1061 2188 et

66 2209 106 2272 sol
127 2213 160 2276 et
184 2211 264 2284 luna
286 2214 319 2275 et
342 2212 456 2276 stellae
475 2233 606 2276 sensum
624 2232 661 2276 ae
679 2215 820 2277 mentem
838 2211 1005 2295 haberent,
1027 2213 1062 2276 in

66 2294 139 2363 idem
161 2303 293 2384 tempus
316 2299 498 2364 reservabo.
534 2299 566 2364 A
584 2303 617 2362 te
636 2302 744 2364 autem
762 2300 847 2364 idem
861 2300 943 2363 illud
962 2300 1062 2363 etiam
1081 2312 1114 2361 19

66 2387 151 2469 atque
181 2387 282 2451 etiam
310 2408 478 2472 quaeram,
506 2387 622 2472 quibus
645 2387 825 2452 rationibus
848 2387 911 2451 tibi
932 2407 1062 2471 persua-

40 2471 131 2538 adeas
159 2475 237 2540 deos
261 2496 339 2540 esse.
385 2474 468 2539 ’11111
491 2473 627 2539 Balbus:
657 2475 817 2558 Equidem
840 2474 990 2538 attulisse
1012 2477 1101 2541 ra-8

66 2560 159 2627 tiones
183 2562 266 2627 mibi
287 2563 408 2646 videor,
432 2563 488 2627 sed
507 2584 561 2627 eas
579 2567 616 2627 tu
634 2563 682 2628 ita
700 2561 832 2644 refellis,
855 2563 901 2644 ut,
920 2583 992 2626 cum
1010 2585 1062 2627 me

66 2647 316 2740 interrogaturus
344 2671 415 2716 esse
440 2650 569 2715 videare
593 2653 625 2714 et
648 2671 709 2734 ego
732 2671 784 2714 me
808 2649 849 2713 ad
870 2649 1063 2734 responden-

67 2735 132 2803 dum
156 2739 388 2825 compararim,
414 2742 548 2823 repente
571 2742 700 2803 avertas
723 2737 903 2802 orationem
925 2757 984 2802 nec
1007 2738 1062 2804 des

67 2828 270 2911 respondendi
293 2829 409 2907 locum.
445 2825 561 2910 Itaque
583 2827 743 2890 maximae
765 2847 817 2890 res
836 2826 955 2890 tacitae
973 2849 1063 2912 prae-

39 2915 227 2995 sanarunt,
241 2965 243 2970 -
259 2914 310 2981 do.
331 2915 541 2998 divinatione,
574 2914 613 2979 de
642 2914 725 2998 fato,
758 2914 874 2997 quibus
902 2914 941 2980 de
969 2935 1064 2999 quae-

67 3003 216 3068 stionibus
234 3007 272 3069 tu
286 3004 415 3088 qnidam
430 3002 579 3085 strictim,
597 3002 703 3067 nostri
717 3005 825 3067 autem
839 3004 943 3068 multa
958 3005 1064 3068 solent

67 3087 170 3176 dicere,
189 3091 246 3156 scd
263 3092 305 3156 ab
323 3091 385 3156 hae
404 3113 442 3156 ea
455 3090 653 3174 quaestione,
671 3112 753 3174 quae
767 3093 901 3157 nuncin
914 3092 1063 3154 manibus

68 3181 119 3263 est,
139 3183 340 3264 separantur.
377 3177 491 3262 Quare,
514 3178 544 3242 si
561 3177 696 3263 videtur,
719 3179 788 3244 noli
807 3201 904 3265 agere
923 3179 1063 3260 confuse,

68 3267 99 3328 ut
117 3267 178 3334 boc
200 3268 395 3352 explicemus
418 3267 480 3332 hac
503 3266 730 3350 disputatione,
754 3267 840 3350 quod
863 3265 1037 3348 quaeritur.

41 3361 59 3402 ³⁶
124 3353 261 3440 Optime,
284 3356 390 3440 inquit
409 3353 514 3420 Cotta.
550 3353 665 3439 Itaque
684 3355 837 3438 quoniam
857 3355 1010 3435 quattuor
1029 3352 1063 3415 in
1082 3363 1116 3412 20

69 3446 167 3522 partes
194 3446 300 3509 totam
323 3443 546 3527 quaestionem
569 3442 709 3507 divisisti
732 3442 771 3506 de
793 3440 962 3524 primaque
986 3439 1064 3502 dixi·

15 3525 16 3530 ’
70 3547 139 3613 mus,
160 3531 397 3597 consideremus
421 3531 605 3614 secundam3
629 3551 711 3614 quae
734 3527 815 3591 mihi
837 3526 915 3590 talis
934 3525 1063 3589 videtur
1222 3595 1223 3600 ἵ

117 3641 168 3687 cro.
181 3644 222 3686 rv.
236 3645 256 3686 1.
834 3634 851 3681 8
