2476 3936
166 213 232 278 310
371 190 376 196 ’
525 210 574 264 on
592 211 641 264 aa
658 210 814 266 ausuros

166 357 255 440 muli,
277 360 349 422 tum
372 357 472 421 etiam
492 355 691 440 reliquorum
709 376 824 441 regum
843 356 1005 440 sapientia
1022 356 1169 421 delinitus

166 468 205 510 ex
228 445 316 510 omni
333 448 428 530 parte
447 443 555 508 arduis
573 443 821 529 praeruptisque
838 444 1015 528 montibus,
1036 451 1170 510 aturrus

167 532 282 617 aditus,
301 533 358 616 qui
375 535 461 597 esset
478 532 565 596 inter
582 531 788 616 Esquilinum
802 531 1066 617 Quirinalemque
1084 555 1171 598 mon·

165 627 246 705 tem,
274 620 415 685 maximo
444 641 563 706 aggere
591 621 717 685 obiecto
740 619 830 685 fossa
853 621 1036 706 cingeretur
1058 621 1171 686 vastis·

166 710 264 792 sima,
292 714 389 793 atque
416 712 454 772 ut
480 708 528 772 ita
556 709 682 773 munita
705 730 763 772 arx
779 708 994 810 'circumiectu
1016 709 1119 775 arduo
1142 714 1172 774 et
1194 727 1205 767 ⁵

165 794 630 971 inwiediiiildffibilriiidr
647 800 1173 951 sdiiudtidilliuitidlldimil

167 977 264 1058 atque
286 975 410 1039 intacta
432 973 654 1059 permanserit.
695 972 880 1056 Locumque
904 973 1027 1060 delegit
1051 979 1086 1039 et
1108 975 1173 1039 fon·

166 1063 254 1127 tibus
285 1062 503 1127 abundantem
530 1065 564 1125 et
590 1061 625 1124 in
651 1060 783 1146 regione
806 1060 974 1145 pestilenti
996 1062 1174 1145 salubrem3

167 1151 266 1216 colles
290 1151 375 1215 enim
398 1153 487 1233 sunt,
515 1149 665 1232 quicum
688 1149 867 1234 perflantur
885 1149 966 1235 ipsi,
993 1154 1066 1214 tum
1092 1151 1174 1216 adfe
1186 1168 1206 1206 1⁰

167 1242 243 1302 runt
265 1238 414 1302 umbram
437 1237 587 1302 vallibus.

130 1323 147 1384 7
233 1327 342 1410 Atque
369 1326 449 1390 haec
476 1325 604 1409 quidem
631 1325 838 1410 perceleriter
860 1325 1013 1408 confecit3
1042 1331 1175 1392 namet

56 1500 58 1502 Ι
116 1401 281 1478 1²urbern
308 1412 490 1496 constituit,
520 1435 617 1496 quam
641 1435 658 1478 e
682 1434 740 1478 suo
763 1413 894 1478 nomine
916 1413 1057 1478 Romam
1081 1415 1175 1480 iussit

167 1532 194 1583 p.
214 1505 279 1583 262]
305 1500 482 1585 nominari,
510 1505 543 1566 et
571 1500 612 1566 ad
633 1497 835 1588 firmanldam
861 1523 980 1567 novam
1008 1502 1176 1568 civitatem

167 1613 287 1656 novum
311 1589 471 1675 quoddam
495 1593 529 1653 et
551 1589 741 1675 subagreste
764 1589 945 1674 consilium,
968 1590 1025 1655 sed
1048 1591 1094 1656 ad
1112 1615 1174 1657 mu·
1187 1608 1206 1646 ¹⁵

167 1678 301 1744 niendas
330 1701 408 1763 opes
438 1677 531 1764 regni
560 1699 597 1743 ac
623 1677 737 1762 populi
765 1678 816 1742 sui
842 1678 955 1764 magni
975 1678 1124 1744 hominis
1146 1683 1175 1744 et

168 1768 234 1833 iam
261 1771 331 1832 tum
358 1768 456 1852 longe
483 1765 682 1850 providentis
706 1770 834 1830 secutus
858 1769 917 1850 est,
940 1788 1013 1831 cum
1037 1765 1175 1832 Sabinas

168 1857 306 1921 honesto
337 1858 426 1920 ortas
458 1854 530 1919 loco
557 1854 714 1939 virgines,
747 1875 829 1937 quae
857 1853 997 1920 Romam
1025 1855 1175 1921 ludorum

169 1945 277 2030 gratia
303 1943 480 2025 venissent,
508 1962 588 2025 quos
616 1946 687 2005 tum
714 1941 855 2026 primum
878 1943 1123 2010 anniversarios
1144 1945 1176 2008 in

169 2033 253 2098 circo
280 2032 385 2096 facere
412 2029 622 2113 instituisset,
650 2028 865 2095 Consualibus
893 2031 966 2115 rapi
988 2031 1088 2097 iussit
1113 2047 1207 2097 eas-2⁰

169 2148 196 2200 p.
207 2122 273 2200 271]
288 2140 350 2203 que
367 2119 404 2183 in
420 2117 618 2183 familiarum
636 2117 911 2202 amplissimarum
931 2118 936 2200 Ι
957 2120 1175 2186 matrimoniis

118 2229 150 2276 13
170 2207 349 2273 collocavit.
381 2205 451 2282 Qua
474 2227 513 2271 ex
536 2227 633 2270 causa
656 2227 727 2270 cum
746 2205 870 2270 bellum
888 2205 1045 2272 Romanis
1065 2205 1177 2274 Sabini

169 2295 357 2360 intulissent
384 2293 561 2380 proeliique
589 2296 753 2359 certamen
780 2295 907 2359 varium
936 2298 1034 2379 atque
1059 2319 1175 2382 anceps

168 2384 296 2467 fuisset,
328 2405 400 2449 cum
428 2381 463 2446 Τ.
480 2381 600 2465 Tatio,
631 2403 707 2468 rege
735 2378 942 2463 Sabinorum,
972 2382 1089 2448 foedus
1123 2385 1175 2449 icit

169 2472 327 2538 matronis
349 2470 438 2556 ipsis,
462 2491 543 2554 quae
566 2473 680 2555 raptae
699 2472 800 2553 erant,
823 2470 1005 2555 orantibus3
1029 2494 1095 2554 quo
1113 2473 1207 2538 foas

170 2562 244 2626 dere
267 2564 300 2626 et
323 2558 460 2642 Sabinos
483 2557 518 2622 in
540 2557 706 2622 civitatem
728 2557 866 2625 adscivit
889 2558 988 2622 sacris
1012 2561 1176 2626 conmuni-

170 2649 251 2714 catis
276 2651 308 2714 et
330 2668 467 2733 regnum
490 2667 585 2711 suum
607 2668 680 2710 cum
702 2645 835 2730 illorum
857 2667 933 2732 rege
956 2646 1105 2714 sociavit.

131 2725 151 2788 8
235 2736 316 2802 Post
333 2735 502 2800 interitum
523 2737 632 2798 autem
646 2732 734 2798 rarii
752 2755 825 2800 cum
844 2734 884 2799 ad
903 2755 976 2798 eum
991 2735 1175 2803 dominatus

118 2802 152 2850 14
169 2855 197 2906 p.
208 2827 273 2905 272]
293 2824 398 2889 omnis
417 2821 610 2906 reccidisset,
630 2822 635 2906 Ι
656 2843 852 2906 quamquam
870 2843 944 2887 cum
962 2821 1059 2890 Tatio
1077 2825 1175 2891 inre

171 2913 260 2998 gium
283 2911 453 2976 consilium
473 2910 637 2996 delegerat
655 2909 816 2994 principes
835 2908 905 2995 (qui
923 2911 1082 2996 appellati
1102 2917 1206 2978 sunta

169 3003 304 3086 propter
322 2999 492 3064 caritatem
509 2994 657 3084 patres)
677 2997 895 3083 populumque
914 3001 947 3062 et
966 3020 1024 3065 suo
1040 3005 1075 3065 et
1090 3001 1174 3066 Tatii

169 3088 300 3153 nomine
329 3090 363 3151 et
389 3086 598 3170 Lucumonis,
629 3086 685 3170 qui
706 3085 838 3151 Romuli
865 3087 971 3152 socius
997 3088 1032 3152 in
1055 3085 1174 3154 Sabino

170 3176 294 3262 proelio
318 3174 487 3258 occiderat,
509 3174 544 3237 in
565 3173 671 3238 tribus
694 3174 755 3237 tris
778 3175 947 3259 curiasque
969 3175 1110 3260 triginta
1131 3176 1174 3240 di-

172 3265 345 3349 scripserat
373 3261 468 3347 (quas
496 3261 601 3325 curias
629 3283 740 3326 earum
761 3263 947 3328 nominibus
969 3265 1173 3351 nuncupavit,

171 3373 252 3434 quae
281 3373 319 3414 ex
342 3348 472 3414 Sabinis
498 3348 641 3433 virgines
668 3352 783 3435 raptae
809 3353 924 3436 postea
950 3351 1081 3417 fuerant
1107 3364 1206 3418 ora-³⁵

169 3439 267 3502 trices
293 3437 382 3520 pacis
410 3439 443 3498 et
469 3433 622 3521 foederis)
646 3473 688 3484 -
713 3437 769 3502 sed
797 3460 991 3523 quamquam
1020 3461 1059 3505 ea
1081 3441 1172 3506 Tatio

169 3552 197 3602 p.
216 3527 281 3603 aar]
310 3524 356 3588 sic
382 3526 474 3587 erant
493 3525 499 3606 Ι
519 3522 674 3608 discripta
696 3525 785 3611 vivo,
799 3531 922 3592 tamen
944 3548 982 3592 co
1004 3528 1173 3594 interfecto
1231 3558 1232 3610 l
