2476 3936
175 177 242 243 280
535 175 825 230 nnassuumcs

174 321 225 387 De
248 321 372 387 solibus
393 320 469 386 istis
491 319 630 403 duobus;
657 320 697 384 de
719 341 784 404 quo
806 320 936 405 studeo,
958 318 1063 405 Phile,
1084 341 1120 384 ax
1139 323 1169 385 te

175 409 288 476 audire
310 409 387 494 quid
409 408 541 474 sentias

124 471 167 598 ἒξ
241 497 378 564 Dixerat
408 496 471 562 hoc
498 496 570 582 ille,
601 518 674 562 cum
703 517 784 582 puer
810 496 977 563 nuntiavit
1004 496 1110 562 venire
1134 495 1167 561 ad

176 607 250 651 eum
271 585 419 651 Isaclium
445 585 605 669 domoque
630 585 698 649 iam
726 585 837 650 exisse.
881 583 967 650 'l‘um
989 581 1095 669 Scipio
1115 585 1167 649 cal·

175 675 240 740 ceis
268 678 302 739 et
329 673 534 739 vestimentis
562 673 702 758 sumptis
730 695 748 738 e
774 672 923 739 cubiculo
951 677 1002 738 est
1024 689 1195 760 agressus

175 789 203 841 p.
222 765 289 844 aso]
321 765 355 827 et
386 783 459 827 cum
484 761 654 846 paululum
679 759 961 848 inambnllavisset
985 761 1021 828 in
1046 761 1168 846 porticu,

175 849 323 916 Laelium
345 850 569 916 advenientem
591 849 750 916 salutavit
771 853 804 914 ct
825 869 896 934 eos,
925 849 983 934 qui
1004 871 1069 914 una
1089 869 1168 914 vene

175 943 265 1023 rant,
294 937 447 1024 Spurium
468 937 674 1022 Mummium,
701 959 798 1021 quem
819 937 855 1001 in
876 937 993 1024 primis
1039 937 1071 952 ”
1096 937 1169 1018 abst,

177 1030 210 1092 et
232 1025 267 1093 Ο.
285 1025 446 1092 Fannium
468 1030 502 1091 et
519 1024 675 1102 Quintum
693 1023 891 1109 Scaeuolam,
915 1047 1055 1112 generos
1097 1024 1168 1106 aelii,

177 1115 289 1182 doctos
308 1115 539 1198 adulescentes,
559 1114 626 1178 iam
644 1117 752 1179 aetate
770 1113 988 1199 quaestorios3
1012 1135 1091 1199 quos
1108 1115 1212 1179 curuol

177 1203 283 1269 omnis
305 1202 523 1285 salutavisset,
545 1201 705 1267 convertit
727 1223 762 1267 se
782 1202 819 1266 in
839 1202 970 1288 porticu
991 1206 1026 1267 et
1048 1201 1170 1268 coniecit

175 1291 212 1356 in
237 1290 379 1356 medium
400 1289 562 1371 Laelium3
587 1289 651 1354 fuit
673 1289 760 1356 euim
781 1290 845 1357 hoo
866 1290 902 1355 in
923 1291 1069 1356 amicitia
1089 1289 1170 1374 quasi

178 1378 340 1462 quoddam
361 1378 413 1442 ius
435 1377 633 1462 interillos,
655 1381 693 1443 ut
714 1378 853 1443 milities
875 1383 1011 1464 propter
1033 1378 1170 1444 eximiam
1211 1411 1212 1456 3

175 1493 203 1546 p.
229 1467 299 1562 19⁷]
330 1464 411 1530 belli
442 1465 583 1551 gloriam
611 1465 617 1549 Ι
644 1465 834 1532 Africanum
866 1470 905 1532 ut
936 1466 1032 1532 deum
1063 1466 1170 1532 coleret
1211 1467 1212 1496 ³

176 1554 320 1639 Laelius,
346 1553 435 1619 dorni
460 1553 605 1619 vicissim
626 1553 773 1620 Laelium
778 1606 788 1639 ,
815 1553 901 1640 quod
929 1559 1038 1621 aetate
1060 1559 1195 1620 unacco

178 1643 289 1727 debat,
316 1643 505 1708 observaret
530 1642 567 1707 in
587 1643 732 1727 parentis
754 1644 826 1709 loco
849 1641 967 1728 Scipio.
1003 1643 1090 1709 Dein
1108 1664 1169 1708 cun

177 1735 286 1798 cuent
312 1752 475 1816 perpauca
500 1729 587 1795 inter
614 1751 649 1794 se
676 1751 741 1797 uno
769 1735 826 1797 aut
854 1732 958 1797 altaro
981 1732 1089 1817 spatio
1110 1752 1170 1798 cou-

176 1819 278 1885 locuti
296 1816 501 1903 Scipionique
524 1839 635 1883 eorum
653 1819 810 1884 adventus
828 1820 1045 1904 periucundus
1064 1823 1096 1886 at
1113 1840 1169 1905 per·

177 1911 291 1994 gratus
312 1906 438 1990 inisset,
460 1906 617 1991 placitum
636 1911 695 1991 est,
717 1909 808 1974 utin
825 1908 937 1994 aprico
953 1909 1094 1974 maxima
1110 1929 1169 1993 pra·

176 1995 240 2061 tuli
262 1995 348 2079 loco,
375 1994 462 2078 quod
484 1999 555 2059 erat
576 1994 749 2060 hibernum
771 1999 899 2080 tempus
923 1997 1014 2081 anni,
1041 1995 1195 2062 conside-r

176 2086 263 2165 ront3
285 2081 372 2167 quod
394 2103 467 2146 cum
489 2081 595 2147 facere
616 2083 748 2167 vellent,
771 2084 948 2150 intervenit
969 2084 1021 2150 vir
1042 2084 1169 2169 prudens

176 2197 205 2250 p.
225 2172 289 2251 198]
313 2165 535 2255 omnibuslque
557 2171 625 2234 illis
644 2175 678 2235 et
695 2171 852 2237 iucundus
870 2175 904 2237 et
921 2193 1026 2258 carus,
1047 2172 1099 2238 Μ’.
1116 2171 1169 2239 lla·

176 2257 288 2342 nilius,
316 2257 372 2341 qui
398 2279 419 2324 a
440 2254 589 2343 Scipione
616 2259 795 2345 ceterisque
820 2260 1016 2326 amicissime
1039 2261 1169 2327 consalu-

177 2349 265 2412 tatus
289 2345 415 2410 adsedit
436 2346 602 2431 proximus
624 2346 745 2413 Laelio.

126 2405 168 2534 ἐξ
242 2433 326 2499 uum
352 2432 480 2499 Pinus:
511 2432 587 2500 uon
613 2435 695 2500 mm
721 2436 861 2521 caeca,
887 2437 1008 2523 inquis,
1036 2439 1121 2524 quon
1142 2434 1194 2500 na

176 2526 343 2608 vanenmt,
365 2521 448 2589 alius
466 2522 561 2588 uobis
581 2543 687 2588 sermo
701 2545 771 2590 esse
786 2525 994 2610 quaerendus,
1013 2527 1070 2592 sed
1089 2545 1169 2614 agen·

177 2611 254 2677 dum
284 2609 464 2697 munatius
495 2614 528 2675 at
559 2611 728 2679 dicendum
755 2613 889 2698 dignum
917 2613 1041 2698 aliquid
1067 2615 1168 2680 horum

177 2699 318 2766 auribus.
353 2697 418 2763 Hic
438 2695 581 2764 Laelius:
608 2697 699 2774 Quid·
717 2701 848 2766 tandem
871 2702 1030 2788 agebatis,
1053 2707 1110 2769 aut
1128 2698 1169 2765 cui
1212 2747 1213 2792 ,

176 2787 318 2853 sermoni
335 2807 396 2851 uos
414 2785 668 2852 intervenimus?
691 2787 764 2854 PH.
783 2788 973 2865 Quaesierat
991 2812 1032 2856 ex
1048 2813 1101 2858 me
1116 2787 1167 2853 Sci·
1212 2797 1213 2882 J

176 2901 203 2953 p.
223 2875 288 2954 aee]
311 2873 376 2959 pio,
396 2873 401 2958 Ι
421 2874 576 2959 quidnam
598 2876 752 2943 sentirem
774 2878 814 2943 dc
836 2877 911 2962 hoc,
939 2879 1027 2963 quod
1048 2880 1109 2946 duc
1128 2885 1213 2941 sod*

176 2961 224 3026 les
246 2961 335 3026 visos
357 2982 429 3026 esse
451 2967 624 3030 constaret.
657 2965 695 3030 L.
718 2964 784 3032 Ain
801 2966 901 3032 vero?
923 2965 1026 3052 Phile,
1048 2969 1112 3033 iam
1127 2983 1166 3028 ex·
1212 2981 1213 3032 l

175 3049 307 3134 plorata
323 3049 419 3114 nobis
438 3053 514 3118 sunt
532 3073 579 3136 ea,
598 3073 679 3136 quae
699 3053 740 3118 ad
758 3053 870 3120 domos
888 3059 1019 3120 nostras
1038 3069 1165 3142 quaeque

177 3136 220 3204 ad
244 3159 313 3202 rem
340 3136 504 3222 publicam
531 3140 737 3224 pertincant?
765 3143 936 3227 siquidem,
966 3144 1045 3228 quid
1066 3144 1165 3229 agatur

175 3225 211 3291 in
233 3226 332 3310 caelo,
355 3226 549 3310 quaerimus.
579 3227 625 3293 nt
642 3229 712 3294 illc:
735 3230 789 3294 An
807 3234 843 3296 tu
862 3231 903 3296 ad
921 3231 1035 3298 domos
1052 3233 1163 3298 nostras

175 3333 242 3378 non
271 3333 381 3380 censes
411 3314 573 3398 pertinere
600 3317 695 3401 sone,
723 3318 800 3403 quid
828 3322 946 3405 agatur
968 3324 1002 3385 et
1025 3319 1098 3406 quid
1116 3314 1190 3379 fiat³⁵

177 3399 286 3465 domi?
306 3421 391 3484 quae
412 3420 480 3464 non
502 3421 541 3465 aa
559 3408 618 3488 est,
641 3426 738 3487 quam
756 3407 897 3492 parietes
915 3409 1020 3473 nostri
1039 3401 1161 3492 augunt

177 3485 233 3550 sed
256 3485 394 3552 mundus
416 3485 470 3552 hic
492 3490 591 3574 totus,
614 3493 700 3575 quod
724 3494 922 3562 domicilium
945 3515 1100 3582 quamque
1118 3509 1161 3574 ps·
