2458 3934
317 208 384 263 ΠΒ.
403 209 450 264 111.
475 209 550 263 cAP.
571 216 683 264 ro-ae.
702 215 717 274 s
736 215 849 264 49-55.
1023 210 1086 274 125

94 349 195 416 Fontis
217 351 387 416 delubrum
404 350 497 417 Maso
520 374 559 416 ex
577 350 711 418 Corsica
734 352 901 437 dedicavit,
924 357 958 417 et
979 353 1016 417 in
1033 375 1086 418 au·

93 461 199 523 gurum
230 439 414 524 precatione
446 439 647 523 Tiberinum,
684 439 871 528 Spinonem,
903 440 1086 526 Almonem,

91 526 259 610 Nodinum,
289 528 356 592 alia
376 528 633 612 propinquorum
654 528 823 594 fluminum
846 529 979 594 nomina
1001 530 1086 596 vida-

89 637 163 680 mus.
207 614 297 700 Ergo
324 614 386 680 hoo
413 619 470 680 aut
497 616 533 680 in
559 615 741 682 inmensum
770 621 892 702 serpet,
920 621 976 682 aut
1003 617 1086 682 nihil

66 703 200 768 shorum
221 703 421 788 recipiemus,
443 725 502 768 nec
518 704 578 768 illa
595 704 724 769 infinita
741 705 825 770 ratio
845 705 1085 790 superstitionis

87 791 283 876 probabitur.
328 788 420 880 Nihil
444 812 522 877 ergo
544 792 661 857 horum
683 793 887 876 probandum
908 797 967 858 est.
1095 844 1136 908 2,

148 879 303 944 Dicamus
324 879 435 964 igitur,
457 877 569 962 Balbe,
592 884 722 964 oportet
744 885 858 945 contra
880 881 955 944 illos
977 881 1085 964 etiam,
1105 921 1138 970 53

86 968 139 1050 qui
163 967 226 1032 hos
255 966 331 1032 deos
354 989 393 1031 ex
415 967 582 1033 hominum
605 989 722 1053 genere
744 969 779 1032 in
801 968 926 1032 caelum
949 970 1086 1032 transla-

86 1059 135 1120 tos
163 1076 232 1120 non
258 1075 307 1138 re,
334 1055 390 1118 sed
417 1055 568 1139 opinione
595 1077 666 1120 asse
693 1055 817 1139 dicunt,
844 1075 925 1139 quos
949 1059 1086 1141 anguste

56 1161 195 1208 somnes
218 1146 392 1226 sancteque
413 1164 612 1208 veneramur.
647 1143 810 1228 Principio
828 1142 922 1208 Ioves
946 1147 1012 1207 tres
1031 1164 1087 1207 nu-

86 1234 210 1296 merant
228 1231 261 1312 ii,
284 1231 340 1315 qui
358 1230 505 1317 theologi
522 1231 739 1314 nominantur,
758 1253 796 1296 ex
815 1231 931 1316 quibus
945 1231 1087 1316 primum

87 1323 118 1383 et
140 1318 315 1384 secundum
335 1323 431 1384 natos
449 1319 485 1382 in
501 1319 649 1401 Arcadia,
672 1320 810 1384 alterum
828 1323 922 1405 patre
936 1319 1087 1402 Aethere,

87 1429 124 1470 er
145 1429 208 1491 qno
232 1406 332 1471 etiarn
354 1406 582 1491 Proserpinam
604 1412 716 1472 natam
737 1407 846 1472 ferunt
869 1411 903 1472 et
924 1406 1087 1490 Liberum,

88 1495 223 1558 alterum
249 1497 343 1594 patre
367 1492 479 1594 Caelo,
505 1495 561 1578 qui
587 1495 737 1595 genuisse
759 1495 939 1596 Minervam
962 1495 1087 1594 dicitur,

57 1585 448 1753 “tsst‘tetssfflsttfl
463 1581 1088 1752 stelletldlttztllttt

7 1761 9 1844 ζ
88 1780 173 1823 crum
196 1756 386 1822 ostenditur.
422 1753 627 1838 Διόσκουροι
650 1755 750 1821 etiam
773 1755 859 1851 apud
873 1753 989 1819 Graios
1007 1755 1088 1819 mul·

7 1909 8 1930 2
88 1847 128 1910 tis
157 1845 262 1910 modis
292 1844 509 1910 nominantur.
557 1843 660 1909 Primi
687 1847 767 1928 tres,
798 1843 855 1927 qui
881 1843 1089 1928 appellantur

88 1934 210 2000 Anaces
233 1932 382 2018 Athenis,
405 1955 444 1998 ex
466 1954 542 2018 rega
559 1931 637 1998 Iove
660 1931 885 2016 antiquissimo
909 1934 942 1996 et
959 1930 1089 1995 Proser-

57 2023 163 2106 ²⁰pina
184 2021 269 2104 nati,
296 2019 535 2106 Tritopatreus,
557 2020 737 2104 Eubuleus,
759 2019 936 2104 Dionysus,
960 2018 1090 2083 secundi

88 2110 160 2176 Iove
183 2110 283 2175 tertio
305 2109 377 2174 nati
399 2112 432 2175 et
453 2108 553 2191 Leda,
581 2107 697 2173 Castor
720 2111 754 2172 et
775 2107 906 2191 Pollux,
928 2107 1020 2172 tertii
1042 2106 1090 2170 di-

88 2201 201 2264 cuntur
233 2220 254 2262 a
283 2218 350 2262 non
379 2197 479 2261 nullis
507 2196 589 2261 Alco
617 2200 650 2262 et
677 2195 858 2280 Melampus
886 2199 919 2262 et
947 2195 1090 2278 Tmolus,

88 2286 178 2350 Atrei
200 2285 270 2368 filii,
293 2285 349 2368 qui
370 2283 491 2369 Pelope
512 2288 609 2349 natus
631 2284 703 2348 fuit.
738 2283 808 2348 Iam
831 2283 943 2348 Musae
965 2283 1090 2367 primae
1109 2294 1143 2343 54

89 2378 243 2456 quattuor
264 2371 341 2436 Iove
365 2372 468 2436 altero
490 2376 600 2456 natae,
623 2371 811 2455 Thelxinoe,
832 2370 951 2453 Aoede,
974 2368 1091 2453 Arche,

57 2476 77 2516 ²⁵
88 2460 212 2543 Melete,
236 2459 392 2525 secundae
408 2459 486 2525 Iove
508 2460 606 2524 tertio
626 2464 661 2524 et
675 2459 884 2541 Mnemosyne
902 2460 1091 2541 procreatae

89 2571 212 2631 novem,
235 2547 352 2612 tertiae
373 2547 467 2612 Piero
490 2551 587 2612 natae
609 2551 643 2612 et
665 2547 818 2630 Antiopa,
842 2566 921 2628 quas
944 2543 1089 2608 Pieridas

89 2641 120 2700 et
140 2635 265 2702 Pierias
294 2635 400 2700 solent
427 2638 542 2719 poetae
571 2635 749 2719 appellare,
775 2633 879 2698 isdem
905 2631 1090 2697 nominibus

91 2723 256 2789 abeodem
278 2743 421 2805 numero,
445 2745 508 2806 qno
530 2724 696 2808 proximae
720 2721 910 2806 superiores.
946 2718 1091 2803 Cumque

90 2815 124 2876 tu
154 2810 278 2893 Solem,
311 2809 388 2894 quia
417 2811 505 2875 solus
537 2815 636 2895 esset,
668 2810 869 2894 appellatum
896 2829 966 2872 esse
993 2807 1091 2892 dicas,

59 2897 179 2966 ⁸⁰Soles
201 2899 266 2983 ipsi
290 2921 385 2982 quam
409 2898 505 2962 multi
528 2899 730 2983 atheologis
748 2897 968 2982 proferuntur!
999 2895 1091 2961 Unus

91 3010 199 3052 eorum
225 2986 303 3052 Iove
328 2989 439 3067 natus,
464 3008 565 3071 nepos
593 2986 759 3069 Aetheris,
786 2986 870 3051 alter
898 2984 1092 3068 Hyperione,

91 3076 205 3139 tertius
226 3073 387 3158 Volcano,
410 3073 480 3138 Nili
501 3075 584 3158 filio,
611 3075 701 3141 cuius
723 3075 837 3140 urbem
859 3072 1016 3158 Aegyptii
1038 3092 1092 3135 vo-

92 3162 160 3226 lunt
183 3183 253 3228 essa
276 3183 356 3244 eam,
380 3183 461 3245 quae
479 3160 661 3246 Heliopolis
685 3162 878 3247 appellatur,
902 3162 1036 3243 quartus
1055 3157 1093 3240 is,

92 3271 183 3332 quam
214 3249 352 3313 heroicis
384 3250 586 3332 temporibus
613 3250 763 3314 Acantho
791 3248 898 3313 Rhodi
929 3244 1092 3328 peperisse

63 3337 215 3420 sdicitur,
239 3387 246 3399 .
267 3386 274 3399 .
293 3386 300 3399 .
321 3334 432 3420 Ialysi,
455 3335 585 3420 Camiri,
607 3336 710 3420 Lindi,
733 3335 848 3418 Rhodi,
872 3333 1012 3416 quintus,
1036 3331 1092 3415 qui

94 3421 218 3490 Colchis
245 3422 349 3488 fertur
371 3424 508 3488 Aeetam
534 3428 568 3488 et
590 3422 717 3490 Circam
741 3421 970 3507 procreavisse.
1015 3396 1146 3523 Vol-25?

95 3513 161 3576 cani
182 3513 262 3576 item
286 3511 480 3595 complures,
502 3512 626 3595 primus
649 3510 747 3576 Caelo
770 3512 881 3591 natus,
910 3528 949 3571 ex
972 3527 1035 3589 quo
1059 3510 1093 3570 et
