2478 3936
161 196 205 260 56
470 191 519 245 DE
538 191 690 245 NATURA
707 188 862 244 DEORUM

162 339 269 406 doceri
285 338 393 424 possit
409 336 527 419 omnia,
546 356 629 419 quae
645 338 735 399 terra
746 333 908 419 concipiat
921 335 1052 418 semina,
1072 357 1170 420 quae-
1233 385 1234 414 ,

163 450 225 513 que
247 427 320 512 ipsa
343 448 382 490 ex
404 447 439 490 sc
462 427 618 510 generata
640 423 797 507 stirpibus
819 423 919 487 infixa
936 423 1109 507 contineat,
1130 447 1171 489 ea
1233 443 1234 498 ξ

162 514 397 601 temperatione
434 512 552 578 caloris
583 515 618 576 ct
648 511 728 576 oriri
758 515 793 575 et
824 532 1003 596 augescere.
1057 511 1170 596 Atque

163 625 266 689 aquae
302 602 402 666 etiam
438 601 618 666 admixtum
653 619 724 664 csse
752 599 894 664 calorem
924 599 1067 684 primum
1098 601 1170 684 ipsc

162 693 271 776 liquor
293 711 396 774 aquae
419 689 565 753 declarat
586 690 620 751 et
640 686 736 769 fusio,
758 709 841 771 quac
862 708 966 771 neque
988 689 1170 774 conglacia-
1197 710 1210 750 e
1233 711 1234 758 l

162 783 214 846 ret
234 778 413 864 frigoribus
435 798 540 860 neque
560 775 636 840 nive
657 775 837 860 pruinaque
854 780 1083 860 concresceret,
1104 777 1172 840 nisi
1233 807 1234 842 l

117 871 123 886 ¹
163 867 276 934 eadem
298 887 333 931 se
355 865 499 930 admixto
522 864 631 930 calore
652 862 829 947 liquefacta
851 868 884 928 et
906 864 1034 948 dilapsa
1056 865 1173 929 diffim-

164 957 262 1021 deret.
311 953 427 1038 Itaque
459 956 493 1018 et
523 951 730 1036 aquilonibus
761 952 959 1036 reliquisque
989 952 1172 1038 frigoribus
1233 1019 1234 1024 ,

163 1043 339 1110 adstrictus
371 1041 513 1107 durescit
538 1061 646 1124 umor,
677 1043 711 1104 et
736 1039 822 1106 idem
848 1041 992 1106 vicissim
1020 1042 1173 1106 mollitur

163 1131 345 1216 tepefactus
368 1134 402 1194 et
423 1129 564 1194 tabescit
583 1129 699 1193 calore.
735 1129 846 1212 Atque
863 1130 963 1193 etiam
980 1130 1087 1194 maria
1104 1131 1173 1214 agi-
1187 1151 1211 1190 ro
1232 1164 1234 1203 3

164 1223 236 1284 tata
258 1218 364 1284 ventis
386 1217 435 1281 ita
456 1220 638 1301 tepescunt,
660 1219 699 1280 ut
719 1215 869 1302 intellegi
890 1217 986 1282 facile
1007 1217 1115 1301 possit
1137 1219 1175 1282 in
1233 1254 1234 1294 3

165 1306 268 1371 tantis
303 1305 371 1368 illis
403 1304 572 1369 umoribus
604 1325 675 1368 esse
705 1303 867 1369 inclusum
899 1305 1049 1370 calorem.
1103 1305 1175 1371 Nec

166 1395 253 1460 enim
274 1393 333 1457 illc
355 1395 506 1456 externus
530 1396 564 1456 et
586 1391 786 1458 adventicius
809 1393 975 1457 habendus
999 1397 1050 1458 est
1068 1398 1175 1478 tepor,
1233 1433 1234 1471 ,

167 1482 223 1548 sed
254 1503 294 1545 ex
323 1480 448 1544 intimis
480 1479 580 1545 maris
611 1480 761 1565 partibus
793 1481 973 1567 agitatione
1003 1482 1175 1566 excitatus,
1233 1523 1234 1559 1

166 1569 252 1655 quod
273 1569 397 1634 nostris
419 1589 547 1653 quoque
568 1568 758 1652 corporibus
781 1569 956 1655 contingit,
983 1591 1058 1635 cum
1080 1575 1175 1636 motu
1188 1591 1234 1649 1⁵,

167 1663 264 1744 atque
295 1657 525 1722 exercitatione
552 1657 761 1721 recalescunt.
805 1655 881 1742 Ipse
908 1678 986 1723 vero
1015 1664 1085 1744 ae'r,
1117 1660 1176 1743 qui
1233 1700 1234 1748 ,

165 1751 284 1813 natura
306 1748 357 1810 est
378 1745 519 1810 maxime
540 1743 695 1830 frigidus,
721 1744 855 1809 minime
878 1748 928 1810 est
951 1768 1066 1830 expers
1090 1748 1176 1813 calo-
1233 1753 1234 1826 ξ

113 1847 148 1897 at
166 1836 226 1918 ris3
257 1833 314 1898 ille
340 1854 418 1898 vero
446 1838 480 1898 et
505 1833 609 1898 multo
637 1832 767 1916 quidem
793 1833 901 1898 calore
923 1834 1086 1899 admixtus
1110 1839 1177 1921 est3
1230 1877 1234 1915 ⁸,

165 1923 236 2007 ipse
255 1921 341 1986 enim
360 1920 464 1986 oritur
482 1942 520 1984 cx
537 1920 752 2005 respiratione
768 1943 938 2005 aquarum3
956 1944 1068 1988 earum
1087 1925 1176 1989 enim
1231 1966 1234 2005 2

168 2009 261 2094 quasi
296 2029 399 2092 vapor
435 2008 566 2092 quidam
605 2013 661 2072 adr
696 2008 863 2074 habendus
896 2014 960 2094 est3
1001 2011 1031 2074 is
1064 2015 1176 2076 autem
1190 2031 1230 2072 rc,

167 2095 279 2161 existit
300 2099 393 2160 motu
415 2096 483 2160 eius
505 2096 634 2179 caloris,
656 2097 712 2180 qui
730 2097 823 2181 aquis
841 2099 1033 2164 continetur.
1070 2098 1177 2175 Quam
1233 2143 1234 2168 ;

167 2182 413 2248 similitudinem
445 2205 574 2248 cernere
605 2206 778 2269 possumus
808 2185 844 2250 in
874 2186 915 2250 iis
947 2187 1054 2272 aquis,
1092 2209 1177 2272 quae
1233 2232 1234 2270 ,

167 2271 387 2336 ecferrescunt
406 2270 545 2336 subditis
563 2271 704 2358 ignibus.
739 2271 811 2338 Iam
824 2295 901 2339 vero
915 2275 1041 2359 reliqua
1056 2281 1177 2360 quarta

168 2381 244 2445 pars
268 2358 388 2442 mundi,
411 2379 450 2424 ca
472 2363 504 2423 et
526 2360 600 2444 ipsa
621 2363 694 2425 tota
716 2365 834 2426 natura
855 2361 980 2426 fervida
1002 2367 1106 2429 estet
1126 2387 1176 2429 cc

166 2447 246 2512 teris
275 2446 401 2512 naturis
434 2447 583 2512 omnibus
611 2448 789 2513 salutarem
814 2450 950 2534 inpertit
977 2454 1011 2514 et
1036 2452 1176 2516 vitalem
1190 2471 1234 2532 re,

116 2546 151 2596 28
169 2534 319 2601 calorem.
355 2535 406 2600 Ex
428 2557 492 2620 quo
516 2536 725 2620 concluditur,
748 2558 821 2602 cum
842 2560 953 2603 omnes
972 2540 1084 2604 mundi
1103 2563 1177 2625 par-
1233 2583 1234 2620 ,

166 2626 217 2688 tes
246 2623 467 2689 sustineantur
493 2625 614 2706 calore,
642 2625 798 2689 mundum
821 2627 921 2691 etiam
942 2627 1051 2712 ipsum
1074 2629 1178 2692 simili
1233 2669 1234 2708 ,

166 2711 301 2795 parique
331 2714 451 2776 natura
478 2712 513 2774 in
540 2715 635 2777 tanta
661 2713 875 2779 diuturnitate
903 2715 1039 2800 servari,
1072 2738 1177 2800 eoque
1233 2757 1234 2792 ᾗ

167 2799 282 2882 magis,
301 2799 388 2882 quod
406 2799 555 2885 intellegi
569 2799 665 2864 debet
678 2800 819 2865 calidum
832 2802 915 2866 illud
929 2807 1026 2887 atque
1039 2803 1176 2889 igneum
1233 2841 1234 2884 q

166 2884 215 2948 ita
241 2884 277 2949 iu
304 2886 393 2948 omni
418 2886 527 2951 fusum
554 2909 624 2952 esse
650 2892 781 2973 natura,
809 2893 846 2953 ut
867 2890 903 2954 iu
934 2913 972 2955 eo
999 2891 1079 2955 insit
1102 2911 1213 2977 pro-³⁰

168 2970 297 3037 creandi
314 2971 364 3036 vis
384 2976 417 3036 et
435 2995 533 3038 causa
551 2976 713 3061 gignendi,
736 2998 839 3061 aquo
858 2981 891 3042 et
910 2978 1090 3044 animantia
1109 3003 1176 3046 om-

167 3059 278 3123 nicet
301 3080 352 3141 ea,
380 3081 516 3143 quorum
540 3063 658 3148 stirpes
680 3067 768 3130 terra
790 3067 1004 3151 eontinentur,
1028 3071 1061 3132 ct
1083 3071 1177 3134 nasci

169 3147 213 3211 sit
235 3168 365 3211 necesse
389 3150 422 3210 et
445 3169 624 3232 augescere.

115 3205 156 3331 ἐξ
235 3232 363 3300 Natura
386 3238 436 3299 est
454 3235 564 3321 igitur,
588 3260 670 3321 quae
689 3242 854 3306 contineat
872 3242 1027 3307 muudum
1045 3265 1176 3309 omnem

168 3343 304 3406 eumque
332 3326 475 3406 tueatur,
503 3328 536 3387 et
563 3346 601 3390 ea
627 3327 754 3409 quidem
776 3351 843 3394 non
866 3331 934 3395 sine
958 3352 1053 3395 sensu
1077 3337 1176 3417 atque
1189 3305 1234 3390 ael

168 3409 307 3493 ratione3
336 3433 464 3476 omnem
488 3411 572 3474 euim
594 3418 745 3478 naturam
768 3437 899 3482 necesse
923 3423 980 3501 est,
1004 3439 1087 3502 quae
1109 3443 1177 3484 uon

171 3496 318 3561 ”libaria
341 3498 384 3562 sit
405 3519 509 3581 neque
532 3498 678 3584 simplex,
702 3502 758 3566 sed
775 3526 847 3568 eum
866 3506 931 3571 alio
949 3507 1059 3571 iuncta
1078 3512 1177 3592 atquc
