2490 3950
358 177 425 234 LIB.
445 178 465 234 Ι.
486 177 561 232 CAP.
582 185 677 234 9-11.
696 185 712 244 ξ
731 185 844 234 22-28.
1060 180 1101 244 13

103 346 179 408 quae
202 345 243 388 ex
266 345 353 407 aqua
370 326 485 388 cuncta
502 323 648 408 fingeret.
685 320 770 386 Sidi
789 327 927 408 possunt
945 345 1014 389 esse
1033 325 1102 389 sine

104 434 196 477 sensu
223 415 258 476 et
286 413 408 494 mente,
435 433 491 475 eur
514 433 616 495 aquae
638 417 777 492 mentun,
804 414 899 476 mena
925 418 1027 477 samm
1048 434 1104 478 eur

102 521 211 583 msam
235 499 395 581 adiunxit,
423 499 452 562 si
473 499 546 583 ipsa
568 521 658 563 mens
681 503 830 564 constare
852 503 961 583 potest
983 522 1102 566 vacans

103 589 256 674 corpore?
294 587 528 652 Anaximandri
550 590 659 651 autem
682 587 790 672 opinio
814 591 864 651 est
885 589 1014 652 nativos
1033 611 1103 654 esse

79 677 174 741 sdeos
201 675 312 761 longis
339 675 520 740 intervallis
549 674 683 740 orientis
707 675 956 760 occidentisque,
985 698 1103 761 eosque

102 763 347 828 innumerabilis
370 783 440 827 esse
462 763 608 828 mundos.
652 760 714 826 Sed
736 783 796 828 nos
820 763 914 829 deum
935 763 997 828 nisi
1023 787 1104 830 sem·

102 853 263 938 piternum
286 850 475 936 intellegere
493 851 548 934 qui
565 852 759 936 possumus?
790 849 871 916 Post
888 851 1104 918 Anaximenes
1123 864 1158 914 ae

104 947 175 1005 atra
203 941 301 1004 deum
328 939 458 1022 statuit,
485 960 621 1023 eumque
648 939 740 1024 gigni
768 959 900 1023 esseque
922 940 1104 1005 inmensum

105 1032 135 1093 et
161 1027 329 1092 infinitum
356 1031 389 1090 et
416 1048 541 1112 semper
567 1026 602 1090 in
628 1031 733 1109 motu3
763 1027 855 1110 quasi
878 1031 935 1090 aut
958 1033 1013 1092 a'e‘r
1036 1029 1105 1093 sine

73 1136 94 1175 ιο
105 1117 169 1181 ulla
185 1115 295 1180 forma
313 1114 390 1179 deus
410 1135 479 1179 esse
497 1115 612 1199 possit,
630 1137 703 1179 cum
720 1114 912 1198 praesertim
932 1115 1026 1180 deum
1039 1137 1105 1180 non

105 1204 196 1270 modo
221 1203 342 1287 aliqua,
365 1203 421 1267 sed
443 1202 661 1288 pulcherrima
683 1202 788 1287 specie
812 1203 923 1268 deceat
946 1224 1025 1287 esse,
1048 1208 1105 1268 aut

105 1315 166 1357 non
179 1313 287 1374 omne,
300 1291 387 1376 quod
400 1294 508 1356 ortum
521 1291 573 1374 sit,
588 1291 772 1355 mortalitas
782 1295 1004 1374 consequetur.
1028 1291 1105 1358 Inde
1117 1296 1157 1357 11

106 1382 330 1466 Anaxagoras,
363 1378 418 1462 qui
446 1379 569 1464 accepit
596 1379 637 1443 ab
666 1378 864 1443 Anaximene
892 1379 1106 1465 disciplinam,

107 1469 227 1552 primus
246 1467 392 1532 omnium
409 1489 518 1530 rerum
536 1466 778 1550 discriptionem
796 1471 829 1530 et
843 1467 973 1532 modum
988 1469 1106 1533 mentis

75 1575 95 1616 a
106 1557 249 1620 infinitae
277 1555 310 1620 vi
333 1575 371 1621 ac
392 1555 517 1620 ratione
540 1554 714 1639 dissignari
737 1558 770 1618 et
793 1555 906 1619 confici
927 1556 1046 1638 voluit3
1072 1557 1107 1619 in

106 1666 166 1728 quo
193 1665 262 1708 non
289 1643 372 1707 vidit
397 1663 500 1726 neque
527 1645 654 1708 motum
681 1641 790 1707 sensui
810 1642 956 1707 iunctum
979 1647 1012 1706 et
1035 1664 1107 1708 con-

106 1733 261 1796 tinentem
289 1731 324 1794 in
350 1730 477 1795 infinito
507 1730 611 1795 ullum
635 1751 705 1795 esse
727 1749 822 1815 posse
851 1750 954 1813 neque
978 1751 1106 1795 sensum

108 1821 248 1903 omnino,
272 1840 336 1903 quo
358 1839 424 1882 non
444 1818 517 1903 ipsa
538 1822 656 1883 natura
677 1819 773 1902 pulsa
797 1816 940 1882 sentiret.
984 1817 1108 1883 Deinde

108 1909 133 1973 si
162 1912 306 1973 mentem
336 1907 434 1971 istam
464 1907 556 1990 quasi
588 1905 709 1970 animal
738 1905 869 1990 aliquod
895 1906 1001 1970 voluit
1029 1928 1107 1990 esse,

75 1997 166 2060 roerit
194 1995 319 2080 aliquid
342 1994 491 2078 interius,
514 2016 553 2058 ex
576 2016 640 2078 quo
662 1993 745 2059 illud
768 1993 888 2058 animal
910 1994 1108 2078 nominetur;

108 2084 180 2168 quid
208 2087 319 2148 autem
345 2082 480 2146 interius
508 2083 637 2146 mente?
670 2082 819 2166 cingatur
845 2081 947 2168 igitur
974 2104 1108 2167 corpore

108 2175 246 2236 externo.
283 2168 375 2246 Quod
394 2170 546 2254 quoniam
563 2167 629 2235 non
646 2169 763 2254 placet,
782 2174 894 2254 aperta
909 2169 1108 2255 simplexque
1128 2183 1161 2229 ar

107 2282 195 2324 mens
226 2258 320 2323 nulla
351 2279 386 2322 re
413 2257 577 2340 adiuncta,
609 2277 673 2341 qua
700 2258 819 2322 sentire
846 2258 964 2341 possit,
996 2257 1109 2374 fugere

18 2285 20 2418 l
107 2347 349 2433 intellegentiae
370 2347 501 2410 nostrae
523 2346 590 2410 vim
613 2348 646 2409 et
668 2345 834 2410 notionem
857 2345 992 2409 videtur.
1034 2350 1109 2411 bro-

18 2429 20 2564 )
76 2452 97 2494 a
109 2437 247 2500 teniates
272 2439 380 2500 autem
403 2434 567 2517 Alcmae0,
591 2433 646 2517 qui
665 2433 727 2498 soli
746 2437 779 2497 et
797 2433 893 2497 lunae
912 2432 1109 2515 reliquisque

108 2523 266 2588 sideribus
294 2522 464 2606 animoque
491 2523 660 2606 praeterea
686 2521 890 2585 divinitatem
917 2519 1018 2603 dedit,
1044 2542 1110 2585 non

109 2613 209 2676 sensit
228 2631 298 2675 sese
312 2610 506 2675 mortalibus
520 2609 617 2674 rebus
630 2608 901 2673 inmortalitatem
916 2607 1000 2671 dare.
1024 2605 1110 2672 Nam

107 2699 325 2784 Pythagorae,
358 2698 413 2782 qui
444 2697 568 2762 censuit
600 2696 743 2762 animum
776 2716 845 2760 esse
876 2715 934 2780 per
960 2699 1110 2760 naturam

108 2809 214 2852 rerum
233 2807 362 2852 omnem
378 2786 539 2850 intentum
558 2787 591 2848 et
605 2787 847 2867 commeantem,
867 2805 905 2848 ex
925 2805 988 2868 quo
1006 2783 1111 2848 nestri

77 2876 207 2940 usnimi
229 2878 451 2958 carperentur,
472 2893 539 2938 non
560 2873 643 2937 vidit
665 2871 873 2937 distractione
896 2871 1110 2937 humanorum

111 2964 290 3027 animorum
318 2962 455 3046 discerpi
483 2964 515 3024 et
542 2959 680 3025 lacerari
707 2959 801 3024 deum
829 2964 874 3044 et,
902 2981 974 3024 cunr
1001 2959 1112 3024 miseri

111 3051 207 3116 animi
225 3053 343 3132 essent,
366 3048 451 3133 quod
468 3048 630 3133 plerisque
650 3047 861 3134 contingeret,
883 3052 953 3112 tum
972 3047 1023 3112 dei
1039 3068 1112 3130 par·

111 3142 174 3203 tem
197 3159 268 3202 esse
290 3138 456 3220 miseram;
479 3136 565 3220 quod
587 3135 657 3200 fieri
680 3156 747 3200 non
765 3140 881 3221 potest.
919 3134 984 3200 Cur
1003 3139 1111 3198 autem
1130 3144 1164 3193 aa

112 3227 280 3312 quicquam
309 3226 476 3311 ignoraret
505 3224 631 3288 animus
660 3222 815 3307 hominis,
847 3224 875 3288 si
891 3226 988 3286 esset
1011 3221 1111 3284 deus?
1224 3199 1225 3290 l

80 3327 171 3398 tque
195 3314 292 3379 modo
313 3333 411 3397 porro
434 3313 511 3376 deus
534 3311 605 3395 iste,
629 3311 657 3375 si
678 3310 760 3374 nihil
787 3313 872 3375 esset
894 3307 958 3372 nisi
977 3307 1112 3389 animus,

18 3411 20 3456 l
114 3407 166 3466 aut
186 3403 305 3466 infixus
328 3405 385 3466 aut
406 3399 531 3464 infusus
556 3403 641 3464 esset
663 3399 698 3462 in
721 3397 862 3463 mundo?
903 3395 985 3458 Tum
1008 3394 1112 3459 Xeno-

114 3490 245 3574 phanes,
278 3489 335 3574 qui
366 3491 473 3553 mente
505 3487 655 3552 adiuncta
687 3505 781 3549 omne
813 3485 993 3567 praeterea,
1027 3481 1111 3562 quod

18 3753 20 3782 l

18 3823 21 3897 l
