2478 3936
176 161 220 225 64
480 159 530 212 DE
548 157 703 214 NATURA
720 157 874 213 DEORUM

176 304 253 388 dici,
279 307 351 367 tum
372 324 516 368 recessus
539 305 573 367 et
593 301 728 387 frigoris
751 305 785 366 et
808 301 923 366 caloris
947 301 1081 366 modum
1103 305 1182 368 tem-

176 395 307 477 perant3
328 390 515 456 circumitus
538 391 624 454 enim
647 389 726 453 solis
750 390 877 454 orbium
899 408 922 454 v
945 393 978 453 et
1001 407 1048 454 nx
1067 393 1100 454 et
1120 407 1182 456 ccc
1235 383 1236 456 l

177 483 295 563 quarta
314 478 383 544 fere
406 479 470 543 diei
491 481 587 563 parte
609 477 719 542 addita
741 477 984 543 conversionem
1008 478 1184 542 conficiunt

177 589 327 651 annuam,
348 567 516 632 inflectens
539 569 649 630 autem
672 565 723 631 sol
745 587 874 630 cursum
897 569 967 629 tum
991 565 1033 629 ad
1057 570 1183 651 septen·
1235 577 1236 612 ἒ

176 655 312 739 triones,
343 658 415 720 tum
432 655 484 720 -ad
509 653 677 718 meridiem
705 657 846 719 aestates
874 655 908 718 et
933 653 1059 718 hiemes
1083 653 1183 718 efficit
1208 670 1219 711 5

177 748 210 809 et
233 765 273 809 aa
295 744 358 809 duo
380 747 538 828 tempora,
561 763 699 825 quorum
721 742 861 806 alterum
883 740 983 805 hiemi
1002 742 1184 807 senescenti
1235 759 1236 798 ;

176 831 363 898 adiunctum
386 835 446 915 est,
468 831 607 895 alterum
631 830 757 894 aestati.
798 828 852 894 Ita
874 851 912 894 ex
931 833 1088 913 quattuor
1104 833 1184 894 tem·
1235 865 1236 884 2

176 943 293 1005 porum
315 919 550 984 mutationibus
574 919 727 1002 omnium,
750 939 832 1001 quae
854 921 943 982 terra
965 919 1113 1002 marique
1136 918 1184 1002 gi-

2 995 3 1072 Ϊ
124 1021 158 1071 50
178 1013 329 1096 gnuntur,
351 1008 446 1072 initia
468 1027 646 1090 causaeque
664 1006 831 1071 ducuntur.
866 1004 938 1070 Iam
957 1006 1036 1070 solis
1057 1027 1183 1070 annuos

176 1119 288 1163 cursus
319 1097 434 1180 spatiis
464 1095 639 1160 menstruis
667 1095 746 1158 luna
772 1094 991 1178 consequitur,
1019 1093 1109 1158 euius
1135 1097 1184 1158 te
1196 1110 1219 1150 1⁰

175 1185 369 1249 nuissimum
395 1184 506 1247 lumen
531 1182 612 1247 facit
638 1182 803 1268 proximus
832 1203 978 1247 accessus
1006 1182 1048 1246 ad
1070 1183 1184 1265 solem,

176 1273 340 1357 digressus
355 1273 464 1336 autem
478 1271 687 1356 longissimus
701 1270 837 1355 quisque
851 1269 1087 1356 plenissimum.
1118 1268 1183 1335 Ne

177 1381 240 1443 que
269 1359 375 1423 solum
404 1358 472 1422 eius
503 1359 626 1442 speeies
655 1381 694 1424 ac
721 1357 829 1422 forma
854 1361 1000 1422 mutatur
1022 1361 1094 1423 tum
1117 1379 1184 1423 cre·
1235 1419 1236 1422 ,

177 1446 303 1531 scendo,
324 1450 396 1511 tum
418 1446 596 1511 defectibus
618 1447 654 1511 in
670 1447 766 1512 initia
783 1445 983 1529 recurrendo,
1007 1447 1183 1511 sedetiam
1235 1477 1236 1514 1

177 1535 283 1621 regio,
313 1557 396 1620 qnae
422 1540 495 1599 tum
517 1539 569 1600 est
595 1535 772 1618 aquilonia,
801 1537 872 1598 tum
895 1534 1057 1599 australis.
1103 1535 1184 1600 Iade
1196 1547 1236 1602 1⁵3

176 1625 212 1688 in
241 1625 336 1689 lunae
368 1645 495 1709 quoquc
527 1645 622 1688 cursu
651 1626 702 1687 est
733 1625 766 1687 et
796 1623 930 1688 brumae
962 1623 1120 1706 quaedam
1149 1626 1183 1688 et
1235 1661 1236 1688 ς

178 1713 312 1778 solstitii
334 1712 523 1795 similitud0,
545 1711 712 1795 multaque
735 1709 776 1775 ab
798 1733 838 1776 ea
860 1713 994 1774 manant
1017 1715 1051 1774 et
1067 1711 1183 1795 fluunt,
1235 1745 1236 1782 ÷

177 1801 295 1884 quibus
325 1805 358 1865 et
387 1801 569 1866 animantes
599 1800 728 1865 alantur
757 1802 995 1884 augescantque
1024 1802 1057 1900 et
1083 1799 1182 1882 pube
1235 1832 1236 1870 ss

124 1892 274 2072 gutli
301 1892 586 2041 tffitlttt
600 1886 1182 2040 sfftttttslttllttt
1195 1991 1218 2030 ,ο
1232 1939 1236 2016 .ῑ

178 2063 318 2148 quinque
336 2065 515 2147 stellarum,
537 2085 619 2148 quae
632 2062 718 2127 falso
732 2065 889 2127 vocantur
901 2065 1057 2128 errantes.
1087 2061 1182 2128 Nihil
1234 2100 1236 2138 3

178 2151 263 2216 enim
291 2155 391 2235 errat,
418 2152 504 2236 quod
530 2150 677 2216 inomni
699 2150 891 2216 aeternitate
915 2153 1086 2216 conservat
1109 2173 1183 2234 pro-

178 2260 308 2324 gressus
336 2242 369 2303 et
396 2261 563 2325 regressus
585 2239 791 2322 reliquosque
813 2241 921 2302 motus
945 2238 1124 2304 constantis
1149 2243 1183 2302 et
1235 2277 1236 2312 ss

177 2332 277 2392 ratos.
323 2326 416 2402 Quod
439 2349 477 2392 eo
500 2331 551 2393 cst
574 2326 797 2391 admirabilius
819 2326 855 2390 in
876 2325 928 2390 bis
952 2326 1073 2410 stellis,
1101 2348 1181 2411 quas
1232 2363 1236 2394 τ

177 2416 322 2499 dicimus,
345 2415 422 2500 quia
443 2419 515 2480 tum
533 2415 744 2498 occultantur,
766 2418 838 2478 tum
855 2435 968 2478 rursus
983 2415 1180 2498 aperiuntur,
1194 2429 1236 2490 ss1

176 2508 247 2568 tum
266 2503 393 2587 adeunt,
412 2507 483 2568 tum
500 2503 663 2586 recedunt,
679 2505 751 2567 tum
769 2501 969 2586 antecedunt,
987 2506 1058 2566 tum
1072 2506 1181 2568 autem
1235 2543 1236 2579 2

177 2593 425 2676 subsequuntur,
443 2596 514 2656 tum
528 2591 661 2657 celerius
676 2594 856 2673 moventur,
873 2593 944 2655 tum
957 2591 1093 2675 tardius,
1111 2595 1182 2656 tum
1235 2629 1236 2666 1

177 2680 308 2744 omnino
325 2702 366 2744 ne
388 2683 560 2746 moventur
577 2679 716 2763 quidem,
739 2678 796 2743 sed
813 2678 855 2743 ad
873 2677 1034 2763 quoddam
1053 2683 1182 2764 tempus
1235 2717 1236 2750 2

176 2767 340 2830 insistunt.
387 2765 530 2843 Quarum
548 2789 587 2832 ex
606 2766 789 2851 disparibus
808 2767 1006 2832 motionibus
1026 2788 1181 2854 magnum

177 2875 297 2917 anuum
324 2855 546 2920 mathematici
572 2854 834 2938 nominaverunt,
862 2855 1010 2939 quitum
1033 2856 1181 2939 efficitur,
1194 2870 1236 2928 ³⁰,

178 2961 250 3004 cum
278 2939 357 3003 solis
385 2945 418 3004 et
445 2943 539 3006 lunae
563 2947 596 3006 et
618 2942 759 3027 quinque
782 2943 960 3008 errantium
983 2942 1024 3008 ad
1046 2945 1181 3009 eandem
1235 2979 1236 3016 2

176 3026 262 3092 inter
290 3047 324 3089 se
347 3029 623 3112 comparationem
645 3031 801 3096 confectis
824 3031 967 3096 omnium
991 3033 1110 3116 spatiis
1133 3035 1184 3096 est
1235 3063 1236 3104 i

124 3123 157 3174 52
176 3113 263 3179 facta
286 3115 462 3178 conversio.
506 3115 594 3191 Quae
618 3140 715 3202 quam
737 3119 838 3204 longa
860 3120 916 3204 sit,
943 3139 1064 3204 magna
1088 3143 1182 3205 quae
1235 3155 1236 3192 l

177 3203 241 3267 atio
274 3203 337 3284 est,
369 3222 439 3265 esse
466 3223 542 3267 vero
570 3210 693 3272 certam
720 3210 753 3271 et
780 3207 946 3272 definitam
967 3229 1100 3273 necesse
1123 3213 1181 3273 est.
1235 3215 1236 3278 l

175 3288 262 3354 Nam
293 3310 345 3372 ea,
376 3310 459 3372 quac
486 3287 618 3356 Saturni
651 3295 748 3358 stella
781 3295 897 3359 dicitur
927 3298 1130 3381 &clauoque
1161 3293 1236 3361 a³⁵l

176 3375 308 3441 Graecis
343 3376 542 3458 nominatur,
580 3400 661 3461 quae
699 3403 719 3445 a
750 3385 839 3446 terra
870 3382 963 3448 abest
993 3384 1180 3468 plurimum,
1235 3357 1236 3446 l

147 3479 248 3530 .xxx
279 3463 346 3528 fere
376 3462 468 3526 annis
497 3484 626 3528 cursum
650 3488 744 3532 suum
767 3470 909 3553 conficit,
939 3470 1061 3553 inquo
1086 3493 1181 3538 cursu
