2510 3936
143 195 211 260 410
533 191 581 246 on
600 189 754 248 usdraus

145 339 180 420 Q.
202 336 269 404 Eas
297 341 335 401 tu
361 336 463 422 igitur
489 337 579 421 leges
606 333 739 420 rogabis
761 332 926 420 videlipet,
958 354 1040 420 quae
1062 354 1157 398 num-

145 448 243 510 quam
266 425 472 510 abrogentur.
513 424 562 490 M
580 421 683 506 Certe,
707 421 849 501 simodo
868 425 1021 508 acceptae
1039 443 1060 487 a
1078 423 1156 488 duo

143 515 205 578 bus
231 513 325 579 vobis
348 516 451 588 erunt.
492 509 568 596 Sed,
594 515 633 578 ut
654 511 704 577 vir
727 509 933 592 doctissimus
956 507 1034 578 fecit
1056 507 1155 579 Plato

145 606 242 686 atque
269 601 354 666 idem
383 600 594 687 gravissimus
617 599 888 684 philosophorum
910 598 1070 686 omnium,
1099 598 1157 684 qui

113 737 116 744 -
143 690 292 775 princeps
316 688 355 754 de
377 711 412 753 re
434 688 567 774 publiea
589 687 781 772 conseripsit
802 686 953 771 idemque
977 687 1186 772 separetima
1250 735 1251 784 ,

144 777 183 842 de
215 777 343 864 legibus
373 777 456 860 eius,
487 776 520 840 id
547 776 629 842 mihi
655 775 749 841 eredo
778 796 849 842 esse
875 773 1077 859 feriundum,
1109 779 1156 860 ut,

143 865 233 950 prius
257 887 354 949 quam
376 865 482 950 ipsam
505 865 613 950 legem
636 863 781 948 recitem,
801 862 840 942 de
863 862 931 930 eius
955 862 1040 950 legis
1059 863 1155 930 laude

144 953 257 1020 diuam.
294 951 386 1029 Quod
408 953 492 1018 idem
517 956 550 1018 et
569 951 743 1033 Zaleucum
762 955 796 1017 et
813 949 1021 1019 Charondam
1039 951 1156 1018 fecisse

143 1041 252 1126 video,
280 1063 378 1126 quom
406 1041 535 1125 quidem
557 1041 609 1107 illi
635 1062 702 1106 non
731 1039 831 1106 studii
858 1043 891 1105 et
919 1039 1156 1124 delectationis,

143 1130 200 1194 sed
227 1129 275 1195 rei
302 1129 451 1214 publicae
478 1151 576 1194 eausa
603 1129 692 1215 leges
716 1128 904 1194 civitatibus
927 1129 997 1194 suis
1020 1129 1156 1216 scripse
1172 1147 1200 1188 ιο

143 1221 228 1283 runt.
265 1217 352 1292 Quos
375 1217 522 1294 imitatus
541 1216 636 1282 Plato
658 1216 810 1283 videlicet
832 1216 894 1282 hoe
917 1238 1047 1302 quoque
1071 1217 1156 1304 legis
1251 1227 1252 1248 l

142 1305 272 1389 putavit
289 1326 368 1388 esse,
387 1304 582 1388 persuadere
599 1305 730 1389 aliquid,
747 1326 813 1370 non
833 1304 942 1370 omnia
955 1304 990 1370 vi
1004 1327 1043 1371 ae
1057 1306 1155 1372 minis

94 1405 124 1455 15
143 1413 266 1478 eogere.
303 1393 338 1474 Q.
361 1390 465 1478 Quid,
485 1393 571 1476 quod
594 1393 767 1472 Zaleucum
793 1393 894 1458 istum
920 1397 1023 1480 negat
1050 1395 1156 1460 ullum

143 1480 244 1546 fuisse
262 1479 435 1546 Timaeus?
466 1481 515 1551 M.
534 1481 581 1552 At
598 1484 645 1546 uit
662 1480 916 1566 Theophrastus
934 1485 1050 1550 auotor
1068 1481 1156 1548 haud
1252 1481 1253 1498 ³

143 1568 283 1634 deterior
312 1590 385 1636 mea
412 1568 542 1653 quidem
570 1570 732 1636 sententie
759 1566 942 1654 (meliorem
972 1571 1072 1636 multi
1099 1591 1200 1637 nors

143 1656 297 1744 minant);
320 1661 574 1733 commemorant
597 1680 676 1726 vero
693 1657 796 1743 ipsius
815 1658 910 1742 cives,
932 1659 1039 1723 nostri
1058 1660 1155 1725 elien-

142 1750 200 1825 tes,
223 1744 327 1812 Locri.
368 1744 431 1813 Sed
453 1747 521 1811 sive
544 1746 607 1812 fuit
631 1746 698 1813 sive
720 1767 786 1811 non
808 1745 880 1830 fuit,
902 1745 986 1810 nihil
1010 1748 1052 1812 ad
1071 1769 1155 1832 rem,
1253 1811 1254 1822 ,

140 1833 313 1918 loquimur,
336 1833 423 1917 quod
444 1834 601 1902 traditum
624 1838 682 1900 est
1253 1833 1254 1850 i

104 1923 122 1986 7
210 1919 259 1986 Sit
281 1921 383 2007 igitur
405 1922 467 1988 hoo
490 1923 555 1988 iam
579 1945 599 1987 a
621 1922 779 2007 principio
802 1944 995 2007 persuasum
1018 1924 1154 2008 civibus,

143 2008 291 2076 dominos
323 2031 393 2074 esse
425 2010 569 2088 omnium
600 2032 708 2076 rerum
741 2033 778 2076 aa
811 2009 1033 2078 moderatores
1068 2013 1155 2097 deos,
1170 2034 1198 2072 eo

143 2117 257 2180 eaque,
284 2119 366 2180 quae
389 2102 558 2182 gerentur,
581 2120 692 2164 eorum
716 2097 786 2184 geri
808 2098 926 2164 iudioio
950 2122 988 2166 ae
1010 2101 1155 2186 numine,

142 2183 335 2266 eosdemque
349 2185 473 2268 optime
487 2187 525 2250 de
540 2207 658 2272 genere
670 2186 839 2256 hominum
853 2187 970 2252 mereri
983 2191 1025 2272 et,
1045 2190 1154 2273 qualis

143 2271 278 2355 quisque
297 2271 350 2354 sit,
369 2271 446 2356 quid
465 2277 551 2359 agat,
571 2274 648 2359 quid
666 2275 701 2338 in
719 2296 753 2340 se
772 2275 935 2360 admittat,
955 2298 1019 2362 qua
1033 2283 1155 2362 mente,

142 2381 206 2443 qua
228 2359 351 2444 pietate
374 2360 462 2427 eolat
483 2362 668 2448 religiones,
690 2362 809 2428 intueri
831 2363 1024 2448 piorumque
1042 2369 1077 2429 et
1095 2365 1154 2430 im·

91 2460 124 2509 16
142 2448 270 2532 piorum
288 2448 408 2514 habere
425 2450 600 2533 rationem,
614 2451 674 2515 his
693 2451 779 2516 enim
795 2452 893 2516 rebus
911 2451 1046 2518 inbutae
1066 2475 1154 2520 men-
1168 2473 1197 2514 aa

142 2539 191 2600 tes
220 2536 307 2602 haud
334 2559 411 2602 sane
439 2537 660 2612 abhorrebunt
688 2538 729 2604 ab
756 2538 832 2603 utili
860 2542 916 2604 aut
939 2561 959 2604 a
981 2563 1060 2606 vera
1084 2564 1154 2608 sen-

141 2623 252 2688 tentia.
303 2623 387 2699 Quid
419 2629 469 2690 est
501 2626 586 2692 enim
617 2626 724 2692 verius
757 2648 854 2710 quam
885 2626 1048 2695 neminem
1081 2653 1154 2696 esse

143 2716 293 2795 oportere
315 2717 385 2778 tam
409 2714 510 2778 stulte
533 2714 754 2800 adrogantem,
777 2719 814 2778 ut
832 2715 867 2783 in
885 2737 919 2780 se
938 2717 1100 2784 rationem
1120 2724 1155 2784 et

142 2804 283 2865 mentem
310 2805 405 2886 putet
426 2801 543 2886 inesse,
571 2802 605 2866 in
628 2803 717 2868 eaelo
740 2803 923 2887 mundoque
945 2827 1012 2871 non
1033 2808 1154 2892 putet?

143 2890 199 2950 aut
222 2891 328 2973 utea,
352 2910 434 2972 quae
457 2891 511 2954 vir
534 2911 661 2956 summa
683 2891 806 2976 ingenii
823 2895 944 2958 ratione
960 2895 1152 2978 comprehen-
1167 2914 1196 2954 ³⁰

140 2974 265 3052 dautur,
287 2975 377 3040 nulla
398 2978 525 3044 ratione
546 2978 670 3044 moveri
687 2979 801 3064 putet?
829 2977 932 3055 Quem
950 3003 1028 3048 vero
1047 2988 1153 3055 astro·

141 3083 213 3125 rum
237 3060 379 3146 ordines,
407 3085 502 3148 quem
525 3066 649 3134 dierum
671 3067 879 3152 noctiumque
901 3067 1153 3158 vicissitudines,

141 3171 237 3232 quem
260 3171 408 3215 mensum
431 3155 624 3238 temperatio
648 3177 806 3239 quemque
830 3178 882 3241 ea,
905 3179 987 3242 quae
1012 3159 1154 3248 gignun-

140 3239 195 3300 tur
212 3236 307 3302 nobis
327 3236 564 3325 adfruendum,
586 3265 653 3307 non
671 3247 802 3328 gratum
821 3265 891 3310 esse
910 3250 1041 3332 coguut,
1064 3245 1153 3314 huno

140 3324 305 3388 hominem
319 3327 450 3392 omnino
464 3331 628 3394 numerari
643 3332 698 3414 qui
712 3332 824 3397 decet?
848 3331 1016 3418 Quomque
1031 3329 1194 3422 omnim}

141 3431 223 3493 quae
242 3412 402 3478 rationem
419 3414 550 3499 habent,
571 3422 738 3500 praestent
756 3418 806 3502 iis,
825 3442 907 3504 quae
925 3421 993 3488 sint
1010 3425 1151 3490 rationis

140 3498 294 3582 expertia,
316 3500 471 3584 nefasque
494 3503 538 3567 sit
561 3504 665 3571 dicere
687 3507 790 3574 ullam
812 3522 882 3574 'rem
904 3514 1073 3594 praestare
1095 3535 1153 3579 na-
