2476 3936
187 197 255 262 350
545 193 596 248 un
614 194 664 248 au
682 191 837 250 ruamur

186 363 266 408 num
293 345 351 408 aut
376 345 470 408 uetus
498 338 605 426 gloria
632 338 775 404 civitatis
802 341 859 404 aut
882 339 1004 424 species
1025 337 1182 422 praeclara
1220 328 1221 412 1

186 429 568 584 311111ῗὲὴῶἑὲῗὲ
575 427 766 582 {iffi
783 425 1182 600 tttttlt‘tttt?
1220 419 1221 438 ¹

187 627 282 672 raeus
300 606 358 670 illc
376 605 568 692 magnificus
586 625 656 670 rem
674 603 839 689 publicam
856 602 1041 669 efficiebat?
1063 601 1183 666 Minime
1221 598 1222 690 1

187 723 215 775 p.
230 696 296 776 110]
315 716 402 777 vero,
419 693 559 777 Laelius,
581 692 735 776 quoniam
754 690 884 776 quidem
900 691 1017 776 populi
1036 689 1043 774 1
1061 711 1113 756 res
1129 691 1222 754 non⁵l

188 786 267 849 erat.
307 781 341 849 S.
364 781 470 857 Quid?
497 803 571 847 cum
599 780 772 848 decemviri
796 779 920 846 Romae
947 779 1018 844 sine
1045 799 1185 864 provoca·

187 872 276 936 tione
293 869 426 936 fuerunt
448 869 547 935 tertio
570 869 629 934 illo
649 891 744 952 anno,
765 891 840 935 oum
857 867 1016 935 uindicias
1035 866 1186 932 amisisset
1222 870 1223 958 1

188 961 261 1044 ipsa
287 959 446 1025 libertas?
481 959 520 1024 L.
542 957 662 1042 Populi
687 958 779 1023 nnlla
806 978 859 1022 res
885 960 971 1040 erat,
997 956 1100 1022 immo
1121 975 1185 1020 vero
1222 963 1223 998 ³

136 1106 150 1129 „
187 1048 221 1113 id
242 1049 383 1134 populus
406 1047 484 1133 egit,
506 1049 544 1111 ut
565 1067 635 1111 rem
658 1067 751 1111 suam
772 1048 987 1131 recuperaret

134 1106 178 1234 ῗὲ
253 1135 287 1202 S.
308 1135 413 1201 Venio
435 1156 521 1200 nuno
543 1133 585 1200 ad
602 1135 737 1199 tertium
756 1155 859 1220 genus
877 1133 969 1217 illud,
990 1133 1028 1198 in
1047 1145 1215 1218 quoesse1⁰

187 1224 383 1289 videbuntur
403 1223 543 1289 tortasse
565 1224 745 1309 angustiae.
781 1219 864 1288 (lum
886 1243 945 1308 per
966 1224 1125 1308 populum
1142 1221 1188 1306 agi

188 1313 338 1378 dicuntur
365 1316 400 1376 et
421 1333 492 1376 esse
513 1311 549 1377 in
570 1312 686 1397 populi
706 1313 871 1397 potestate
894 1310 1021 1395 omnia,
1047 1332 1134 1394 oum,
1156 1309 1187 1372 de

188 1397 389 1488 quocumque
415 1399 501 1482 volt,
528 1399 724 1484 supplicium
751 1399 852 1464 sumit
873 1399 1070 1484 multitudo,
1097 1393 1186 1481 euml

187 1517 215 1570 p.
234 1490 301 1569 nee]
324 1491 441 1574 agunt,
462 1486 608 1573 rapiunt,
630 1491 752 1572 tenent,
774 1487 945 1573 dissipant,
968 1509 1055 1574 quac
1076 1487 1188 1566 volunt,

187 1581 315 1664 potesne
336 1580 423 1660 tum,
449 1574 555 1660 Laeli,
576 1597 698 1662 negare
719 1597 790 1641 rem
812 1595 874 1642 esse
895 1576 990 1640 illam
1014 1575 1225 1662 publicamtss'

187 1689 261 1732 cum
287 1665 401 1752 populi
424 1664 490 1730 sint
514 1665 637 1749 omnia,
660 1665 814 1749 quoniam
837 1663 967 1748 quidem
988 1664 1108 1751 populi
1128 1685 1187 1728 esse

187 1777 256 1820 rem
273 1755 424 1820 uolumus
442 1775 511 1818 rem
529 1753 702 1838 publicam.
738 1751 822 1818 Tum
835 1751 980 1819 Laelius:
1003 1753 1057 1820 Ac
1074 1753 1187 1819 nullam

189 1843 318 1927 quidem
349 1842 445 1909 citius
476 1842 662 1928 negauerim
693 1861 755 1908 csse
785 1862 855 1907 rem
886 1841 1071 1926 publicam,
1102 1862 1188 1927 quam

186 1932 299 2016 istam,
332 1952 414 2016 quae
440 1934 513 1995 tota
546 1980 686 1996 .......
714 1951 805 2015 p.pu
812 1979 997 1997 .........
1028 1931 1182 1996 ni.s.ls..

194 2069 290 2084 .....
312 2041 380 2085 mo.
395 2069 403 2084 .
417 2069 425 2084 .
440 2069 447 2082 .
463 2017 551 2085 ‚obis
576 2041 643 2083 non
664 2018 788 2104 placuit
808 2016 978 2102 Syracusis
1000 2018 1107 2086 fuisse
1128 2030 1227 2082 remur

186 2107 353 2193 publicam
374 2127 477 2191 neque
497 2105 674 2193 Agrigenti
695 2127 797 2190 neque
818 2107 974 2193 Athenis,
996 2129 1074 2174 omn
1097 2109 1188 2173 essent

187 2224 214 2275 p.
234 2196 300 2276 eoo]
327 2194 472 2278 tyranni,
498 2215 556 2260 nec
581 2194 648 2279 hic,
675 2217 749 2260 cum
776 2194 963 2280 decemviri3
990 2217 1051 2262 nec
1071 2198 1076 2280 Ι
1096 2196 1187 2279 video,

187 2282 243 2369 qui
269 2281 376 2369 magis
402 2282 438 2346 in
465 2283 683 2348 multitudinis
706 2283 875 2349 dominatu
897 2283 945 2350 rei
967 2285 1120 2369 publicae
1141 2305 1187 2348 no

186 2393 262 2437 men
283 2373 451 2456 appareat,
472 2372 550 2455 quia
570 2371 711 2458 primum
734 2372 815 2437 mihi
832 2372 974 2458 populus
992 2377 1137 2458 nonest,
1156 2374 1187 2435 ut

185 2463 224 2525 tu
255 2459 378 2544 optime
410 2459 566 2543 definisti,
597 2457 719 2545 Scipio,
749 2461 815 2526 nisi
842 2461 898 2544 qui
926 2481 1090 2527 consensu
1116 2461 1216 2526 tunso

186 2548 380 2633 continetur,
402 2547 459 2614 sed
477 2552 527 2612 est
544 2552 614 2614 tam
632 2552 790 2633 tyrannus
808 2549 872 2614 iste
890 2553 1082 2636 conventus,
1100 2571 1187 2635 quam

187 2637 216 2702 si
234 2640 321 2702 esset
338 2657 432 2720 unus,
453 2635 516 2702 hoc
535 2636 636 2702 etiam
652 2637 799 2721 taetrior,
822 2637 899 2721 quia
915 2637 1000 2702 nihil
1018 2639 1095 2724 ista,
1114 2658 1187 2722 quac

186 2724 299 2810 populi
328 2725 469 2810 speciem
499 2728 532 2790 et
557 2747 676 2791 nomen
701 2725 867 2811 imitatur,
895 2725 1072 2793 immanius
1100 2727 1187 2792 belua

187 2816 246 2876 est.
281 2810 350 2878 Nec
372 2834 449 2878 vero
470 2813 630 2898 conuenit,
652 2836 726 2880 cum
742 2814 941 2880 furiosorum
959 2815 1048 2880 bona
1065 2815 1185 2903 legibus

186 2899 221 2963 in
243 2899 461 2985 adgnatorum
482 2904 646 2987 potestate
669 2902 745 2987 sint,
767 2903 855 2986 quod
877 2924 990 2969 eorum
1012 2903 1158 2970 iam...
1196 2913 1215 2955 ³⁰

393 3124 395 3128 Ι
439 3041 679 3123 [Desiderantur
693 3045 832 3128 popinae
853 3045 939 3125 octo]

132 3133 177 3260 {⁶4
186 3191 214 3244 P·
233 3165 300 3245 29⁷]
373 3213 404 3231 ··
419 3213 426 3230 ·
441 3165 519 3231 -dici
536 3168 674 3252 possint,
697 3190 754 3234 cur
770 3167 830 3233 illa
847 3168 892 3234 sit
910 3189 961 3233 res
979 3169 1112 3254 publica
1128 3189 1186 3233 res·

186 3274 247 3337 que
265 3252 388 3354 populi,
407 3273 488 3354 quae
508 3256 689 3357 suntdicta
706 3257 745 3321 de
763 3277 875 3358 regno.
905 3255 950 3322 Et
968 3258 1073 3360 multo
1093 3258 1185 3355 etiam

184 3361 307 3494 trit
330 3339 819 3518 ttttttttrttt
837 3365 948 3518 tut
965 3344 1184 3502 &iiiiii

330 3513 460 3579 publica
482 3536 590 3584 rerum
607 3520 783 3605 potientur,
804 3521 888 3587 nihil
901 3523 1024 3608 poterit
1042 3543 1113 3588 esse
1129 3520 1216 3585 illa³⁵
