2510 3936
332 169 399 226 ΜΒ.
418 171 453 225 11.
473 169 548 226 CAP.
571 177 682 228 15-17.
701 177 717 237 s
735 177 847 228 aa-ra.
1029 175 1094 238 421

156 313 322 401 Sacrilego
345 335 450 398 poena
472 317 531 398 est,
553 337 657 398 neque
678 317 708 380 ei
727 316 799 400 soli,
822 317 877 400 qui
896 337 1023 383 sacrum
1043 319 1096 382 ab·

87 404 233 488 etulerit,
257 402 435 468 sedetiam
458 402 497 486 ei,
520 404 576 486 qui
598 425 690 470 sacro
713 405 987 490 commendatum,
1010 406 1148 490 quodsi

86 497 122 559 et
148 514 234 558 nunc
261 491 374 556 multis
401 491 440 555 fit
465 491 499 554 in
526 491 626 576 fanis,
657 497 687 557 et
711 492 894 558 Alexander
919 493 955 560 in
982 492 1097 560 Cilicia

86 581 276 666 deposuisse
299 579 385 664 apud
404 577 547 644 Solensis
570 581 606 644 in
628 581 763 646 delubro
786 582 956 667 pecuniam
980 583 1097 648 dicitur

55 674 121 735 set
147 668 357 734 Atheniensis
381 665 564 732 Clisthenes
587 668 705 733 Iunoni
732 666 873 753 Samiae,
900 669 980 736 civis
1008 691 1096 756 egre·

85 759 171 845 gius,
190 779 289 842 quom
307 757 404 820 rebus
418 756 549 821 timeret
563 758 640 841 suis,
657 758 800 823 filiarum
814 758 900 824 dotis
914 758 1096 826 credidisse.

154 846 225 912 Iam
249 846 287 910 de
304 844 465 930 periuriis,
488 845 526 909 de
544 846 668 911 incesto
686 845 770 911 nihil
790 867 867 912 sane
885 846 948 912 hoc
966 847 1096 931 quidem

84 937 159 1001 loco
183 933 414 1018 disputandum
438 937 495 997 est.

154 1023 258 1088 Donis
289 1021 383 1106 impii
411 1043 452 1086 ne
479 1023 608 1106 placare
635 1023 775 1088 audeant
802 1024 893 1106 deos,
924 1022 1096 1090 Platonem

41 1131 71 1170 1⁰
85 1112 231 1196 audiant,
250 1110 306 1194 qui
323 1113 414 1175 vetat
432 1109 590 1194 dubitare,
609 1133 673 1195 qua
687 1111 731 1176 sit
744 1116 852 1176 mente
865 1112 994 1177 futurus
1009 1112 1097 1196 deus,

86 1222 187 1286 quom
209 1198 260 1264 vir
281 1219 377 1264 nemo
399 1199 504 1263 bonus
528 1199 569 1264 ab
592 1199 730 1284 inprobo
754 1221 789 1265 se
812 1200 927 1265 donari
948 1200 1037 1266 velit.

154 1286 401 1373 †Diligentiam
423 1291 575 1352 votorum
599 1288 680 1352 satis
702 1289 738 1352 in
756 1289 828 1374 lege
848 1288 970 1354 dictum
989 1291 1040 1353 est
1058 1311 1096 1354 ac

84 1377 174 1444 votis
194 1375 334 1461 sponsio,
354 1397 418 1459 qua
436 1375 621 1460 obligamur
639 1377 707 1442 deo.
738 1376 849 1442 Poena
862 1399 939 1443 vero
953 1376 1096 1443 violatae

84 1464 255 1551 religionis
282 1464 403 1529 iustam
430 1464 666 1529 recusationem
689 1487 756 1530 non
777 1465 886 1533 habet.
927 1464 1011 1541 Quid
1034 1486 1095 1551 ego

42 1571 70 1612 15
84 1555 142 1620 hic
170 1553 400 1618 sceleratorum
427 1555 502 1617 utar
525 1552 704 1637 exemplis?
732 1575 869 1638 quorum
893 1554 1008 1638 plenae
1030 1558 1095 1618 tra-

86 1642 237 1727 goediae3
265 1662 348 1725 quae
375 1645 450 1706 ante
474 1640 585 1706 oeulos
609 1643 698 1725 sunt,
725 1642 895 1727 capotius
919 1640 1095 1726 adtingam.

84 1730 163 1797 Etsi
184 1730 264 1795 haec
283 1728 547 1795 commemoratio
565 1751 679 1794 vereor
696 1751 737 1794 nc
756 1751 856 1814 supra
872 1729 1013 1794 hominis
1032 1728 1096 1793 for-

85 1824 202 1885 tunam
225 1837 295 1883 csse
317 1817 475 1900 videatur,
497 1821 616 1901 tamen,
640 1817 793 1900 quoniam
817 1839 922 1884 sermo
946 1817 1027 1882 mihi
1045 1821 1097 1882 est

86 1909 175 1993 apud
201 1928 274 1991 vos,
295 1905 379 1971 nihil
406 1906 547 1971 reticebo
574 1906 746 1990 solamque
769 1907 840 1989 hoc,
863 1904 949 1990 quod
972 1906 1096 1989 loquar,

43 1997 151 2060 endiis
181 1994 410 2061 inmortalibus
442 1998 572 2080 gratum
601 1994 711 2080 potius
737 1994 839 2060 videri
867 2015 964 2079 quam
988 2015 1095 2080 grave.

87 2084 206 2149 Omnia
232 2087 303 2148 tum
330 2082 530 2168 perditorum
559 2082 677 2148 civium
707 2083 826 2148 scelere
854 2082 997 2148 discessu
1024 2105 1095 2147 meo
1109 2059 1148 2186 ἒξ

86 2172 284 2258 religionum
306 2171 378 2236 iura
400 2170 528 2256 polluta
552 2175 641 2255 sunt,
667 2172 777 2237 vexati
799 2171 905 2236 nostri
926 2171 1027 2236 Lares
1050 2171 1096 2236 fa-

87 2261 241 2345 miliares,
264 2260 300 2325 in
322 2281 433 2325 eorum
457 2258 586 2324 sedibus
606 2260 852 2325 exaedificatum
868 2260 1028 2348 templum
1046 2258 1097 2323 Li·

88 2349 223 2433 sentiae,
240 2349 354 2433 pulsus
374 2370 394 2412 a
413 2346 555 2411 delubris
569 2346 611 2429 is,
633 2348 689 2430 qui
705 2347 765 2411 illa
783 2351 943 2431 servarat3
966 2348 1097 2412 circum·

43 2455 72 2498 ss
89 2437 205 2524 spicite
229 2437 376 2502 celeriter
399 2435 507 2500 animo
531 2432 629 2520 (nihil
652 2435 737 2499 enim
761 2436 879 2500 attinet
902 2456 1098 2519 quemquam

88 2523 275 2610 nominari),
299 2524 444 2617 quisint
466 2545 574 2588 rerum
598 2523 703 2588 exitus
727 2523 898 2588 consecuti.
939 2521 1018 2607 Nos,
1042 2525 1098 2607 qui

88 2615 182 2679 illam
212 2614 379 2679 custodem
407 2611 496 2676 urbis
526 2611 675 2676 omnibus
704 2611 823 2696 ereptis
850 2611 973 2676 nostris
1001 2612 1096 2678 rebus

89 2725 127 2768 ac
150 2702 285 2786 perditis
307 2701 425 2766 violari
449 2701 490 2765 ab
514 2699 623 2783 impiis
641 2699 732 2782 passi
748 2721 815 2763 non
833 2721 944 2764 sumus
964 2721 1098 2782 eamque

89 2813 129 2856 ex
158 2795 273 2855 nostra
301 2789 397 2854 domo
426 2789 461 2853 in
491 2788 593 2872 ipsius
623 2787 727 2871 patris
756 2787 886 2853 domum
914 2787 1097 2872 detulimus,

45 2898 73 2938 so
88 2879 208 2944 iudicia
231 2881 372 2962 senatus,
394 2875 519 2959 Italiae,
542 2877 688 2961 gentium
709 2875 845 2960 denique
864 2875 1008 2942 omnium
1026 2898 1098 2941 con·

89 2971 238 3032 servatae
265 2966 392 3051 patriae
420 2964 584 3030 consecuti
612 2985 737 3047 sumus3
767 2986 830 3048 quo
854 2965 932 3048 quid
954 2965 1098 3030 accidere

87 3055 198 3140 potuit
219 3055 345 3121 homini
368 3053 589 3140 praeclarius?
615 3050 758 3128 Quorum
781 3053 900 3118 scelere
923 3052 1097 3138 religiones

88 3149 160 3208 tum
183 3147 368 3229 prostratae
392 3141 603 3224 adflictaeque
627 3144 715 3225 sunt,
741 3142 862 3226 partim
886 3162 924 3205 ex
945 3140 1013 3205 illis
1037 3140 1099 3205 dis·

88 3232 187 3296 tracti
215 3253 252 3297 ac
280 3230 430 3314 dissipati
457 3230 577 3313 iacent,
605 3230 763 3313 quivero
791 3252 830 3294 ex
856 3229 897 3294 iis
925 3227 1098 3294 ethorum

46 3320 247 3384 asseclarum
271 3319 433 3404 principes
455 3319 585 3382 fuerant
608 3321 641 3382 et
663 3321 792 3402 praeter
815 3322 938 3382 ceteros
956 3317 992 3380 in
1010 3317 1098 3404 omni

88 3408 247 3493 religione
270 3406 364 3492 inpii,
396 3429 463 3472 non
485 3406 591 3471 solum
615 3406 683 3471 vita
699 3457 706 3471 .
721 3457 728 3472 .
744 3457 751 3472 .
768 3406 902 3472 cruciati
925 3408 1022 3488 atque
1046 3406 1096 3469 de·

89 3497 216 3580 decore,
245 3517 357 3561 verum
385 3495 484 3560 etiam
508 3494 676 3580 sepultura
698 3498 731 3561 et
753 3495 848 3561 iustis
873 3493 1096 3578 exsequiarum
