2458 3934
283 160 350 216 ΜΒ.
369 161 391 218 1.
414 161 490 218 cAP.
510 169 604 218 s-rr.
628 168 643 228 s
663 167 775 218 14-18.
968 163 1030 226 151

19 329 21 372 ῑ
57 304 189 372 rationem
216 327 313 390 quam
338 306 492 389 habeant,
518 327 584 372 non
608 305 688 370 satis
712 305 886 390 perspicio;
909 306 975 371 vim
998 309 1031 370 et

19 427 20 468 γ
55 395 181 456 eventum
203 415 357 478 agnosco,
385 393 465 475 scio,
488 393 641 477 adprobo,
687 391 856 475 Similiter,
880 393 957 478 quid
979 394 1032 458 fis·

19 481 20 500 ¹
55 499 109 542 sun
134 480 167 544 in
189 481 285 564 extis,
317 481 393 564 quid
414 481 498 545 fibra
520 482 641 565 valeat,
669 482 803 566 aecipi03
831 501 912 564 quae
935 504 1032 548 causa

19 637 20 640 Ἴ
54 566 92 648 sit,
106 568 217 635 neruo.
253 569 362 652 Atque
381 569 497 634 horum
516 569 644 652 quidem
662 570 759 655 plena
777 569 846 634 vita
862 573 925 652 este
949 570 1031 634 extis

20 655 119 726 ‘terim
140 677 249 722 omnes
272 656 339 722 fere
361 660 504 722 utuntur.
546 655 650 734 Quid?
673 657 711 722 de
733 657 899 744 fulgurum
921 657 956 722 vi
977 657 1031 724 du·

19 817 21 822 ,
52 742 136 808 bitere
156 767 235 810 num
256 745 451 829 possumus?
487 743 603 810 Nonne
627 767 700 812 oum
722 746 826 812 multa
848 745 914 810 alia
937 745 1031 811 mira-

51 831 119 914 bilia
139 835 210 898 tum
232 833 313 898 illud
330 833 366 896 in
383 833 509 916 primis:
532 829 614 898 Cum
629 831 822 914 Summanus
844 833 880 898 in
895 833 1030 919 fastigio

51 917 118 982 louis
143 921 269 1005 optumi
295 921 450 1004 maxumi,
478 921 534 1005 qui
560 925 631 985 tum
659 923 729 985 erat
751 921 875 1003 fictilis,
901 943 918 984 e
942 922 1031 986 caelo

50 1006 114 1072 ictus
135 1012 301 1074 essetnec
322 1029 459 1092 usquam
482 1008 550 1074 eius
573 1009 738 1074 simulacri
761 1013 857 1092 caput
874 1009 1032 1074 invenire-

27 1097 98 1176 otm,
116 1096 301 1180 haruspices
324 1097 360 1162 in
377 1095 521 1162 Tiberim
543 1097 576 1160 id
598 1097 768 1181 depulsum
787 1117 856 1161 esse
875 1096 1031 1179 dixerunt,

49 1181 125 1266 idque
137 1184 303 1249 inventum
321 1188 372 1249 est
390 1206 427 1250 eo
446 1185 527 1284 loco,
545 1185 602 1268 qui
620 1189 670 1250 est
684 1185 726 1249 ab
740 1184 966 1269 haruspicibus
981 1184 1032 1250 de·
1044 1236 1083 1299 ll

49 1275 237 1340 monstratus.
269 1269 333 1337 Sed
350 1293 413 1356 quo
431 1277 540 1357 potrus
559 1276 633 1338 utar
652 1277 709 1339 aut
726 1277 858 1338 auctore
877 1277 933 1338 aut
947 1277 1031 1338 teste
1051 1313 1083 1364 17

50 1378 128 1440 quam
150 1361 204 1428 te?
227 1360 318 1426 cuius
342 1360 456 1426 edidici
479 1361 578 1426 etiam
600 1382 722 1444 versae,
745 1365 778 1425 et
796 1361 945 1426 lubenter
964 1361 1031 1446 qui·

26 1545 41 1584 1⁵
50 1445 126 1599 ldffii
127 1470 215 1600 ausos
237 1448 273 1512 in
295 1448 432 1514 secundo
455 1449 491 1514 de
513 1449 684 1514 consulatu
702 1447 826 1516 Urania
843 1449 938 1514 Musa
958 1471 1031 1535 pro-

82 1585 271 1709 Prin'cipio
298 1623 474 1690 aetherio
500 1623 725 1690 flammatus
748 1623 927 1708 Iuppiter
949 1623 1032 1708 igni

82 1709 252 1776 Vertitur
269 1715 306 1776 et
324 1716 449 1778 totum
462 1713 684 1778 conlustrat
697 1711 840 1775 lumine
855 1711 1031 1776 mundum

82 1797 275 1884 Menteque
303 1799 433 1864 divina
459 1800 606 1866 caelum
629 1803 830 1882 terrasque
852 1799 1032 1882 petessit,

82 1883 175 1961 Quae
200 1888 359 1972 penitus
387 1908 521 1952 sensus
549 1887 743 1954 hominum
770 1887 949 1970 vitasque
977 1908 1032 1962 re·

26 2069 42 2110 ²⁰
83 2060 258 2131 Aetheris
295 2063 448 2128 aeterni
478 2066 615 2148 saepta
647 2067 762 2148 atque
793 1977 944 2163 iddldsad
974 2085 1033 2128 oa·

83 2235 138 2320 Et,
160 2239 191 2302 si
214 2239 420 2303 stellarum
443 2241 569 2303 motus
592 2171 1005 2323 cursusquevddlglbsntis

83 2322 198 2391 Nosse
221 2326 335 2410 velis,
363 2345 459 2408 quae
483 2325 562 2390 sint
585 2326 783 2412 signorum
805 2327 844 2390 in
867 2325 955 2390 sede
978 2326 1034 2391 lo·

85 2497 176 2574 Quae
205 2502 325 2568 verbo
357 2505 395 2566 et
420 2500 535 2566 falsis
564 2500 766 2566 Graiorum
791 2415 949 2565 viddddi
978 2521 1034 2564 er·

85 2674 238 2748 Reuera
260 2681 367 2742 certo
390 2676 502 2762 lapsu
525 2677 731 2761 spatioque
753 2589 945 2758 ferubtdi:

27 2771 43 2810 ἥ
85 2761 208 2835 Omnia
227 2766 306 2836 ,iam
328 2786 459 2831 cernes
483 2764 613 2828 divina
636 2767 760 2828 mente
783 2765 927 2827 notata.

84 2848 168 2918 Nam
197 2853 362 2938 primum
389 2855 585 2918 astrorum
613 2850 784 2916 volucris
812 2855 849 2915 te
876 2851 1086 2917 oonsule18

83 3025 367 3114 Concursusque
400 3027 532 3114 gravis
565 3027 773 3092 stellarum
802 2942 945 3092 aldclid
967 3027 1034 3092 mi-

83 3203 129 3270 Tu
157 3227 321 3291 quoque,
351 3226 432 3270 oum
461 3203 631 3271 tumulos
659 3116 1033 3302 Albanoliadtbsonte

82 3379 273 3448 Lustrasti
296 3383 333 3444 et
355 3379 461 3445 laeto
485 3377 669 3445 mactasti
691 3288 1005 3458 lactenIldtildsas,'

26 3472 42 3513 ³¹³
82 3466 223 3536 Vidisti
245 3471 284 3533 et
306 3469 413 3534 claro
435 3469 624 3534 tremulos
648 3465 783 3532 ardore
806 3465 990 3545 cometas,
