2458 3934
151 197 214 262 166
502 193 552 247 DE
570 193 813 248 DIVINATIONE

149 345 359 426 pateramque
391 339 530 403 rettulit.
574 337 645 412 Quo
674 338 763 404 facto
789 337 903 403 fanum
929 337 1013 403 illud
1039 337 1160 414 Indicis

96 429 678 601 25Herdldldlsqdidndlgdllldnaeddlbm?
699 516 808 581 nescio
828 538 892 599 quo
912 516 1009 581 modo
1026 537 1078 581 me
1095 538 1163 581 ma·
1222 559 1223 582 t

96 575 131 624 ⁵⁵
150 607 201 692 gis
214 609 329 670 nostra
342 603 513 668 delectant.
543 603 662 668 Omnes
675 603 740 669 hoc
753 604 910 687 historici,
927 603 1032 688 Fabii,
1052 603 1164 689 Gellii,

150 695 206 758 sed
223 715 380 778 proxume
394 689 536 756 Coelius:
555 689 637 756 Cum
654 692 743 758 bello
756 691 873 757 Latino
892 692 961 756 ludi
974 692 1081 758 votivi
1095 715 1164 757 ma·
1178 713 1191 753 5
1222 703 1223 768 ξ

149 784 238 847 xumi
257 782 399 866 primum
417 780 541 863 fierent,
563 780 679 845 civItas
697 780 740 845 ad
758 803 849 845 arma
866 785 1000 865 repente
1015 785 1067 845 est
1079 781 1164 846 cxci·
1222 803 1223 860 j

150 875 230 954 tata,
243 870 354 954 ltaque
368 868 453 933 ludis
467 867 661 933 intermissis
675 868 884 934 instaurativi
893 869 1067 934 constituti
1077 873 1165 934 sunt.
1222 881 1223 959 l

150 958 213 1034 Qui
226 963 301 1024 ante
315 980 414 1042 quam
427 957 550 1040 fierent,
568 979 704 1040 cumque
718 957 785 1023 iam
797 957 939 1043 populus
953 957 1165 1040 consedisset,
1222 963 1223 1046 l

150 1069 261 1112 servus
284 1068 343 1132 per
365 1045 500 1129 circum,
527 1067 601 1109 cum
623 1045 726 1130 virgis
750 1044 945 1128 caederetur,
966 1045 1094 1111 furcam
1119 1046 1165 1110 fe
1222 1053 1223 1056 ’

149 1158 224 1201 rens
252 1135 366 1200 ductus
394 1137 453 1199 est.
497 1132 585 1197 Exin
611 1133 737 1197 cuidam
764 1133 886 1198 rustico
911 1133 1062 1198 Romano
1089 1133 1164 1198 dor·
1178 1153 1200 1192 a

150 1223 265 1288 mienti
281 1223 371 1286 visus
391 1225 442 1286 est
457 1221 576 1304 venire,
598 1221 653 1305 qui
672 1221 792 1286 diceret
810 1222 993 1305 praesulem
1013 1222 1165 1287 sibinen

150 1311 310 1395 placuisse
333 1309 432 1392 ludis,
455 1309 552 1392 idque
575 1310 616 1374 ab
640 1309 751 1374 eodem
773 1311 899 1374 iussum
922 1331 992 1374 esse
1016 1331 1091 1374 eum
1116 1332 1165 1374 sc

149 1399 242 1464 natui
268 1397 432 1479 nuntiare3
461 1397 558 1460 illum
583 1419 649 1462 non
675 1419 747 1462 esse
774 1419 897 1462 ausum.
942 1396 1066 1462 Iterum
1089 1420 1164 1462 esse

149 1488 235 1553 idem
257 1487 382 1550 iussum
405 1488 439 1549 et
461 1487 634 1570 monitum,
663 1507 709 1550 ne·
727 1486 794 1550 vim
817 1508 910 1551 suam
932 1486 1073 1571 experiri
1095 1487 1163 1550 vel-

149 1577 210 1660 let3
231 1596 273 1640 ne
291 1579 363 1640 tum
380 1572 509 1657 quidem
528 1595 598 1638 esse
617 1564 752 1638 ausums
774 1573 860 1638 Exin
876 1574 982 1639 filium
1000 1575 1070 1638 eius
1089 1596 1162 1639 esse
1178 1593 1199 1632 ιε

149 1668 323 1746 mortuum,
346 1661 481 1728 eandem
503 1661 537 1725 in
560 1662 682 1726 somnis
705 1662 960 1728 admonitionem
977 1662 1078 1727 fuisse
1096 1667 1162 1727 ter-

149 1753 239 1818 tiam,
275 1751 359 1816 Tum
381 1751 475 1814 illum
499 1749 598 1814 etiam
622 1749 761 1815 debilem
782 1751 907 1816 factum
929 1773 998 1816 rem
1023 1751 1065 1815 ad
1082 1752 1162 1816 emi·

150 1863 204 1906 cos
228 1839 392 1923 detulisse,
415 1859 553 1922 quorum
576 1838 615 1902 de
634 1839 795 1903 sententia
813 1839 965 1905 lecticula
981 1839 1018 1902 in
1036 1839 1161 1905 c'uriam

150 1951 220 1993 esse
248 1928 406 2010 delatum,
434 1948 571 2010 cumque
598 1925 725 1990 senatui
746 1928 909 1992 somnium
932 1928 1161 2012 enarravisset,

149 2016 284 2101 pedibus
304 2015 371 2078 suis
389 2014 517 2079 salvum
534 2013 666 2078 domum
683 2015 865 2080 revertisse.
895 2013 1012 2098 Itaque
1032 2017 1197 2080 semnion

150 2103 362 2187 comprobato
394 2125 414 2167 a
445 2105 562 2168 senatu
587 2102 679 2166 ludos
707 2102 783 2167 illos
810 2103 930 2168 iterum
956 2104 1159 2168 instauratos

98 2206 132 2255 56
150 2190 324 2258 memoriae
346 2190 511 2275 proditum
530 2192 588 2254 est.
620 2188 655 2255 0.
669 2211 746 2254 vero
760 2188 925 2257 Gracchus
940 2191 1053 2257 multis
1068 2191 1160 2275 dixit,

149 2286 187 2347 ut
209 2277 366 2364 scriptum
388 2278 475 2364 apud
497 2279 633 2343 eundem
649 2276 797 2344 Coelium
819 2283 878 2364 est,
901 2279 965 2344 sibi
982 2280 1017 2343 in
1035 2281 1159 2347 somnis

151 2371 360 2455 quaesturam
390 2369 499 2451 petere
528 2366 685 2432 dubitanti
712 2364 760 2430 Ti.
787 2367 925 2433 fratrem
950 2367 1058 2432 visum
1088 2390 1159 2432 esse

151 2459 263 2539 dicere,
282 2476 379 2540 quam
398 2454 497 2520 vellet
516 2457 729 2538 cumctaretur,
747 2459 858 2522 tamen
877 2456 990 2521 eodem
1003 2456 1068 2521 sibi
1082 2457 1159 2539 leto,
1173 2470 1196 2510 ²⁵

151 2568 214 2630 quo
236 2544 307 2629 ipse
329 2543 504 2626 interisset,
526 2564 597 2608 esse
618 2543 825 2627 pereundum.
861 2542 942 2628 Hoc,
965 2548 1042 2610 ante
1060 2566 1159 2629 quam

150 2633 300 2698 tribunus
323 2632 410 2716 plebi
428 2629 463 2696 O.
483 2631 646 2696 Gracchus
668 2630 774 2696 factus
797 2635 892 2716 esset,
915 2635 949 2697 et
971 2653 1006 2696 se
1030 2633 1158 2697 audisse

151 2721 264 2787 scribit
278 2717 406 2785 Coelius
425 2722 459 2783 et
477 2719 595 2784 dixisse
613 2740 682 2801 erem
699 2720 821 2784 multis.
854 2719 924 2795 Quo
940 2721 1066 2787 somnio
1082 2721 1158 2804 quid

150 2807 289 2874 inveniri
310 2811 420 2892 potest
443 2807 583 2874 certius?
883 2807 887 2816 '

97 2897 139 2961 27
216 2893 321 2969 Quid?
348 2896 408 2960 illa
435 2896 496 2961 duo
521 2895 659 2978 somnia,
690 2918 772 2982 quae
794 2898 997 2962 creberrume
1020 2918 1158 2963 comme
1171 2911 1194 2950 ³⁰

134 2985 320 3048 'morantur
348 3005 368 3046 a
390 2979 520 3068 Stoicis,
549 2984 620 3068 quis
643 2985 775 3050 tandem
797 2989 908 3070 potest
930 2985 1157 3050 contemnere?

151 3094 251 3138 unum
279 3070 318 3135 de
342 3066 518 3136 Simonide:
550 3070 705 3147 Quicum
729 3072 879 3159 ignotum
902 3073 1063 3158 quendam
1086 3095 1159 3158 pro·

150 3160 270 3226 lectum
292 3161 456 3224 mortuum
478 3159 614 3225 vidisset
637 3180 773 3244 eumque
790 3161 992 3227 humavisset
1009 3161 1159 3226 haberet

151 3270 212 3331 que
240 3247 408 3312 inanimo
436 3270 553 3313 navem
581 3249 806 3333 conscendere,
836 3250 960 3316 moneri
986 3249 1074 3315 visus
1099 3253 1158 3334 est,

149 3357 190 3400 ne
212 3334 246 3398 id
267 3334 398 3417 faceret,
421 3335 463 3399 ab
486 3356 533 3416 ec,
557 3356 652 3416 quem
671 3337 839 3422 sepultura
857 3337 1031 3421 adfecerat3
1055 3339 1085 3402 si
1103 3360 1158 3403 na·
1171 3348 1191 3392 ³5

150 3421 342 3506 vigevisset,
370 3443 444 3486 eum
470 3420 642 3521 naufragio
666 3444 736 3488 esse
757 3425 952 3509 periturum3
978 3425 1088 3509 itaque
1111 3423 1158 3489 Si·

151 3507 313 3572 monidem
332 3507 462 3590 redisse,
485 3528 607 3591 pensse
626 3513 761 3595 ceteros,
778 3513 834 3596 qui
851 3517 922 3578 tum
938 3514 1158 3599 navigassent.
