2476 3936
312 218 379 272 rus.
399 219 420 273 1.
444 218 519 274 cAP.
538 207 652 277 m-e's.
675 227 823 288 sss-m.
1006 226 1072 291 289

64 360 152 446 quod
175 361 228 445 sit,
251 364 431 448 conveniat,
454 363 639 450 explicetur,
662 367 739 450 quid
762 367 943 434 declaretur
961 391 998 436 eo
1016 393 1073 436 no·

63 450 165 533 1111111
188 451 276 533 quod
299 450 327 515 si
349 453 543 537 convenerit,
565 457 635 518 tum
656 454 784 520 demum
803 457 928 522 decebit
946 458 1073 544 ingredi

62 538 101 602 in
122 559 319 622 sermonem,
340 561 520 624 numquam,
540 541 635 626 enim,
659 543 754 626 quale
776 545 819 609 sit
836 545 926 628 illud,
950 547 1071 631 dequo

63 626 296 710 disputabitur,
317 627 466 714 intellegi
488 630 620 714 poterit,
642 630 714 715 nisi,
738 632 815 716 quid
835 633 887 717 sit,
909 634 1008 700 fuerit
1026 635 1073 700 in·

38 715 235 780 itellectum
257 715 356 802 prius.
393 715 507 801 Quare,
530 718 683 802 quoniam
706 719 744 786 de
767 743 802 786 re
824 721 955 806 publica
978 745 1073 808 quae·

62 803 179 886 rimus,
200 801 263 870 hoc
284 804 427 888 primum
443 805 620 891 videamus
643 807 719 891 quid
738 808 781 872 sit
799 808 833 874 id
850 810 966 894 ipsum,
987 811 1072 894 quod

63 890 260 976 quaerimus.
285 893 289 976 Ι
314 891 395 958 Cum
423 894 669 978 adprobavisset
696 896 841 982 Laelius,
867 896 936 963 Nec
959 900 1000 978 [p.
1021 916 1072 966 116

61 1002 152 1064 vero,
174 979 281 1066 inquit
294 979 477 1065 Africanus,
499 983 547 1048 111
569 984 726 1050 disseram
744 984 782 1049 de
801 989 923 1050 retem
941 986 1074 1052 inlustri

63 1072 198 1152 tamque
221 1072 309 1152 nota,
332 1073 369 1133 ut
392 1070 432 1135 ad
450 1071 509 1136 1111
527 1073 688 1137 elementa
706 1072 865 1157 revolvar,
888 1074 1004 1157 quibus
1023 1076 1073 1140 uti

29 1156 155 1222 edocti
183 1157 331 1222 homines
360 1157 412 1222 his
441 1159 476 1223 in
502 1160 598 1226 rebus
622 1161 741 1245 solent,
770 1164 807 1226 ut
831 1183 850 1226 a
871 1162 978 1247 prima
1000 1185 1073 1229 con·

65 1245 234 1331 gressione
257 1246 356 1310 1111111
380 1250 413 1311 11
434 1246 588 1331 feminae,
611 1248 725 1314 deinde
748 1271 767 1316 1
789 1250 944 1336 progenie
967 1255 1001 1316 et
1022 1273 1073 1317 co-

65 1333 222 1420 gnatione
254 1333 362 1399 ordiar
394 1336 579 1420 verbisque,
611 1337 689 1419 quid
720 1337 763 1402 sit
795 1341 828 1402 et
861 1343 941 1422 quot
968 1340 1072 1405 modis

65 1422 207 1506 quidque
222 1421 355 1507 dicetur,
374 1422 525 1488 definiam
539 1425 681 1508 saepius,
700 1425 785 1510 apud
797 1427 972 1510 prudentes
987 1429 1073 1493 enim

64 1511 215 1576 homines
239 1514 272 1575 et
294 1510 329 1575 in
351 1511 491 1576 1111111111
514 1533 548 1576 11
571 1513 701 1597 publiea
724 1511 859 1600 sumlms
881 1537 955 1580 cum
978 1518 1018 1596 [p.
1038 1533 1072 1582 11

31 1615 52 1655 15
65 1599 175 1686 gloria
201 1599 281 1664 belli
308 1599 457 1683 domique
480 1604 627 1666 versatos
650 1622 723 1665 cum
745 1601 875 1686 loquer,
901 1625 967 1668 non
989 1625 1073 1668 com-

65 1688 206 1772 mittam,
224 1691 262 1752 ut
280 1708 342 1752 mom
360 1687 404 1752 sit
418 1688 586 1754 inlustrior
599 1688 658 1753 1111
671 1689 743 1774 ipsa
757 1711 817 1772 res,
835 1689 874 1754 de
889 1712 953 1774 qua
967 1690 1074 1775 dispu-

66 1780 142 1861 tem,
167 1797 264 1860 quam
287 1777 392 1842 oratio
411 1799 497 1860 mea;
518 1798 577 1844 nec
595 1776 760 1856 enimphoe
779 1778 914 1862 suscepi,
937 1783 973 1843 ut
991 1783 1073 1844 tam-

67 1863 340 1949 quammagister
358 1886 567 1950 persequerer
585 1865 703 1949 onmia,
720 1886 824 1950 neque
841 1865 903 1931 hoc
916 1867 1074 1952 polliceor

66 1975 118 2018 me
144 1952 347 2034 effecturum,
374 1957 478 2018 utne
506 1975 570 2036 qus
598 1953 759 2038 particula
785 1954 820 2018 in
841 1953 903 2019 hoc
926 1976 1073 2020 sermone

32 2058 55 2097 2⁰
67 2040 297 2127 praetermissa
321 2041 372 2105 sit.
408 2040 491 2105 Tum
508 2041 653 2107 Laelius:
674 2041 747 2128 Ego
766 2064 841 2108 vero
859 2042 948 2108 istud
966 2043 1074 2128 ipsum

68 2151 170 2216 genus
194 2129 359 2211 orationis,
383 2129 469 2213 quod
491 2130 664 2215 polliceris,
686 2135 829 2217 expecto.

132 2216 196 2284 Est
214 2216 323 2303 igitur,
346 2218 452 2301 inquit
466 2217 648 2303 Africanus,
666 2241 716 2284 res
735 2218 867 2304 publiea
887 2219 891 2302 Ι
911 2242 962 2285 res
983 2222 1023 2301 [p.
1038 2193 1128 2320 6223}

67 2305 189 2391 populi,
203 2305 341 2390 populus
358 2310 467 2372 autern
482 2328 549 2372 non
565 2307 668 2372 omnis
685 2306 853 2373 hominum
871 2312 980 2373 coetus
997 2330 1074 2392 quo-

69 2415 131 2478 quo
155 2393 252 2458 modo
275 2397 505 2480 congregatus,
532 2395 588 2460 sed
611 2399 721 2462 coetus
748 2395 966 2460 multitudinis
993 2397 1073 2462 iuris

34 2499 56 2540 ²⁵
68 2503 227 2548 consensu
241 2486 274 2546 et
288 2482 440 2546 utilitatis
455 2483 678 2548 communione
693 2483 842 2548 sociatus.
869 2483 949 2548 Eius
965 2487 1074 2549 autem

68 2572 175 2657 primo
202 2591 299 2634 cause
327 2570 461 2636 ec'e'undi
488 2575 538 2636 est
564 2592 630 2636 non
656 2575 725 2636 tam
752 2571 948 2636 inbecillitas
975 2593 1073 2655 quem

67 2658 229 2725 naturalis
257 2659 414 2742 quaedem
441 2658 610 2724 hominum
637 2660 730 2743 quasi
757 2659 982 2745 congregatim
1008 2681 1075 2725 non

69 2753 118 2813 est
141 2748 228 2814 enim
252 2747 416 2832 singulare
438 2769 497 2812 nec
520 2747 703 2832 solivagum
726 2767 827 2833 genus
850 2747 925 2831 hoc,
948 2747 1005 2811 sed
1025 2747 1075 2814 ita

69 2839 268 2923 generatum,
281 2838 373 2900 utne
386 2836 421 2901 in
435 2836 578 2900 omnium
593 2835 721 2920 quidem
734 2857 842 2900 rerum
857 2834 1074 2902 affluentis...

313 2975 550 3056 [Desiderantm
567 2979 703 3061 popinae
724 2977 823 3058 deme]
945 3049 951 3061 ⁵

34 3123 55 3165 s
136 3101 235 3183 [Quid
255 3105 299 3167 est
319 3121 367 3166 res
383 3101 509 3184 pcrdlim
531 3101 594 3166 mist
615 3121 663 3166 res
679 3099 812 3183 populi?
834 3121 883 3168 res
904 3123 973 3184 erpo
995 3123 1072 3168 mm·
1090 3115 1135 3164 lo·

68 3192 173 3256 mimis
199 3210 248 3255 res
278 3190 382 3272 utique
408 3190 547 3254 ciuitatis.
590 3189 673 3269 Qum
693 3193 737 3254 est
756 3194 859 3255 autem
881 3190 988 3255 civitas
1009 3191 1073 3255 misi

68 3279 231 3345 multitudo
256 3277 416 3344 immicum
441 3278 477 3342 im
502 3277 655 3359 quoddam
681 3278 837 3343 vinculum
858 3278 983 3342 redacta
1004 3296 1073 3343 com·

69 3365 211 3434 cordiae?
243 3366 340 3448 Apud
359 3385 408 3431 cos
425 3364 577 3448 (auctores
594 3365 766 3449 Rommmos)
784 3366 866 3430 mim
882 3365 929 3429 ila
948 3365 1073 3448 tepimr:

68 3455 167 3522 Brevi
191 3453 364 3519 multitudo
389 3453 534 3538 dispersa
552 3457 648 3537 atque
666 3474 752 3540 vega
770 3452 940 3518 concordie
957 3452 1072 3518 civitas

9 3603 10 3612 ,
37 3561 58 3601 ³⁵
69 3544 158 3610 facta
179 3545 260 3608 erat.
290 3543 499 3626 (Artpmtimlm
515 3562 560 3625 ep.
578 3547 647 3607 138.
666 3547 707 3608 10
739 3541 774 3606 T.
792 3541 838 3605 II
846 3561 879 3626 p.
897 3540 1075 3624 414Bm.)

121 3655 177 3700 010.
191 3657 233 3699 1v.
247 3657 266 3698 2.
826 3650 858 3698 19
