<?xml version="1.0" encoding="UTF-8"?>
<!DOCTYPE html PUBLIC "-//W3C//DTD XHTML 1.0 Transitional//EN"
    "http://www.w3.org/TR/xhtml1/DTD/xhtml1-transitional.dtd">
<html xmlns="http://www.w3.org/1999/xhtml" xml:lang="en" lang="en">
 <head>
  <title>
</title>
<meta http-equiv="Content-Type" content="text/html;charset=utf-8" />
  <meta name='ocr-system' content='tesseract 3.04.00' />
  <meta name='ocr-capabilities' content='ocr_page ocr_carea ocr_par ocr_line ocrx_word'/>
</head>
<body>
  <div class='ocr_page' id='page_1' title='image "./mtulliiciceroni03mlgoog_0322.png"; bbox 0 0 2452 3938; ppageno 0'>
   <div class='ocr_carea' id='block_1_1' title="bbox 203 957 931 1299">
    <p class='ocr_par' dir='ltr' id='par_1_1' title="bbox 203 957 931 1299">
     <span class='ocr_line' id='line_1_1' title="bbox 308 957 820 1098; baseline 0.002 -2"><span class='ocrx_word' id='word_1_1' title='bbox 308 1023 355 1096; x_wconf 85' lang='lat' dir='ltr'>u.</span> <span class='ocrx_word' id='word_1_2' title='bbox 385 1023 546 1097; x_wconf 79' lang='lat' dir='ltr'>runnu</span> <span class='ocrx_word' id='word_1_3' title='bbox 573 957 820 1098; x_wconf 79' lang='lat' dir='ltr'>olonsoms</span> 
     </span>
     <span class='ocr_line' id='line_1_2' title="bbox 203 1198 931 1299; baseline 0 -3"><span class='ocrx_word' id='word_1_4' title='bbox 203 1198 931 1299; x_wconf 78' lang='lat' dir='ltr'><strong>DEREPUBLIOA</strong></span> 
     </span>
    </p>
   </div>
   <div class='ocr_carea' id='block_1_2' title="bbox 241 1386 886 1452">
    <p class='ocr_par' dir='ltr' id='par_1_2' title="bbox 241 1386 886 1452">
     <span class='ocr_line' id='line_1_3' title="bbox 241 1386 886 1452; baseline 0.003 -10"><span class='ocrx_word' id='word_1_5' title='bbox 241 1386 432 1443; x_wconf 84' lang='lat' dir='ltr'><strong>LIBRORUM</strong></span> <span class='ocrx_word' id='word_1_6' title='bbox 451 1387 520 1442; x_wconf 81' lang='lat' dir='ltr'>SEX</span> <span class='ocrx_word' id='word_1_7' title='bbox 538 1386 634 1452; x_wconf 73' lang='lat' dir='ltr'><strong>QUAE</strong></span> <span class='ocrx_word' id='word_1_8' title='bbox 652 1387 886 1444; x_wconf 82' lang='lat' dir='ltr'><strong>MANSERUNT.</strong></span> 
     </span>
    </p>
   </div>
   <div class='ocr_carea' id='block_1_3' title="bbox 316 1643 802 1862">
    <p class='ocr_par' dir='ltr' id='par_1_3' title="bbox 316 1643 802 1862">
     <span class='ocr_line' id='line_1_4' title="bbox 412 1643 782 1703; baseline 0.003 -1"><span class='ocrx_word' id='word_1_9' title='bbox 412 1643 535 1702; x_wconf 77' lang='lat' dir='ltr'>olens</span> <span class='ocrx_word' id='word_1_10' title='bbox 558 1643 717 1703; x_wconf 72' lang='lat' dir='ltr'>sarnus.</span> <span class='ocrx_word' id='word_1_11' title='bbox 780 1650 782 1654; x_wconf 63' lang='grc'>’</span> 
     </span>
     <span class='ocr_line' id='line_1_5' title="bbox 316 1749 802 1862; baseline -0.006 -2"><span class='ocrx_word' id='word_1_12' title='bbox 316 1749 318 1753; x_wconf 38' lang='grc'><strong>’</strong></span> <span class='ocrx_word' id='word_1_13' title='bbox 377 1765 802 1862; x_wconf 71' lang='lat' dir='ltr'>Aueuunnrun.&#39;</span> 
     </span>
    </p>
   </div>
   <div class='ocr_carea' id='block_1_4' title="bbox 12 1931 1119 3562">
    <p class='ocr_par' dir='ltr' id='par_1_4' title="bbox 12 1931 1068 2491">
     <span class='ocr_line' id='line_1_6' title="bbox 13 1931 1067 2002; baseline 0.002 -14"><span class='ocrx_word' id='word_1_14' title='bbox 13 1999 14 2002; x_wconf 7' lang='grc' dir='ltr'><strong>Ἴ</strong></span> <span class='ocrx_word' id='word_1_15' title='bbox 134 1931 201 1988; x_wconf 83' lang='lat' dir='ltr'>Cum</span> <span class='ocrx_word' id='word_1_16' title='bbox 218 1932 255 1991; x_wconf 89' lang='lat' dir='ltr'>M.</span> <span class='ocrx_word' id='word_1_17' title='bbox 276 1931 361 1987; x_wconf 88' lang='lat' dir='ltr'>Tullii</span> <span class='ocrx_word' id='word_1_18' title='bbox 383 1931 451 1988; x_wconf 84' lang='lat' dir='ltr'>libri</span> <span class='ocrx_word' id='word_1_19' title='bbox 474 1932 508 1987; x_wconf 89' lang='lat' dir='ltr'>de</span> <span class='ocrx_word' id='word_1_20' title='bbox 531 1949 561 1987; x_wconf 88' lang='lat' dir='ltr'>re</span> <span class='ocrx_word' id='word_1_21' title='bbox 584 1933 709 2002; x_wconf 87' lang='lat' dir='ltr'>publiea,</span> <span class='ocrx_word' id='word_1_22' title='bbox 736 1932 767 1986; x_wconf 91' lang='lat' dir='ltr'>in</span> <span class='ocrx_word' id='word_1_23' title='bbox 789 1933 890 2002; x_wconf 86' lang='lat' dir='ltr'>quibus</span> <span class='ocrx_word' id='word_1_24' title='bbox 914 1934 1067 1991; x_wconf 75' lang='lat' dir='ltr'>scribendis</span> 
     </span>
     <span class='ocr_line' id='line_1_7' title="bbox 12 2001 1068 2074; baseline 0.003 -18"><span class='ocrx_word' id='word_1_25' title='bbox 12 2027 14 2072; x_wconf 71' lang='grc' dir='ltr'><strong>ς</strong></span> <span class='ocrx_word' id='word_1_26' title='bbox 71 2001 119 2056; x_wconf 87' lang='lat' dir='ltr'>iam</span> <span class='ocrx_word' id='word_1_27' title='bbox 139 2004 204 2058; x_wconf 90' lang='lat' dir='ltr'>inde</span> <span class='ocrx_word' id='word_1_28' title='bbox 227 2003 263 2058; x_wconf 91' lang='lat' dir='ltr'>ab</span> <span class='ocrx_word' id='word_1_29' title='bbox 281 2019 353 2060; x_wconf 88' lang='lat' dir='ltr'>anno</span> <span class='ocrx_word' id='word_1_30' title='bbox 372 2021 398 2058; x_wconf 93' lang='lat' dir='ltr'>u.</span> <span class='ocrx_word' id='word_1_31' title='bbox 418 2020 441 2058; x_wconf 91' lang='lat' dir='ltr'>c.</span> <span class='ocrx_word' id='word_1_32' title='bbox 462 2009 513 2058; x_wconf 79' lang='lat'>700</span> <span class='ocrx_word' id='word_1_33' title='bbox 533 2005 684 2074; x_wconf 89' lang='lat' dir='ltr'>occupatus</span> <span class='ocrx_word' id='word_1_34' title='bbox 702 2003 806 2070; x_wconf 86' lang='lat' dir='ltr'>fuerat,</span> <span class='ocrx_word' id='word_1_35' title='bbox 830 2005 956 2060; x_wconf 77' lang='lat' dir='ltr'>ediderat</span> <span class='ocrx_word' id='word_1_36' title='bbox 973 2008 1068 2060; x_wconf 85' lang='lat' dir='ltr'>autem</span> 
     </span>
     <span class='ocr_line' id='line_1_8' title="bbox 12 2071 1068 2146; baseline 0 -16"><span class='ocrx_word' id='word_1_37' title='bbox 12 2085 14 2130; x_wconf 74' lang='lat' dir='ltr'>i</span> <span class='ocrx_word' id='word_1_38' title='bbox 71 2072 120 2128; x_wconf 83' lang='lat' dir='ltr'>iere</span> <span class='ocrx_word' id='word_1_39' title='bbox 138 2091 209 2129; x_wconf 90' lang='lat' dir='ltr'>anno</span> <span class='ocrx_word' id='word_1_40' title='bbox 228 2091 254 2128; x_wconf 93' lang='lat' dir='ltr'>u.</span> <span class='ocrx_word' id='word_1_41' title='bbox 271 2080 369 2140; x_wconf 75' lang='lat' dir='ltr'>o..703,</span> <span class='ocrx_word' id='word_1_42' title='bbox 389 2073 437 2127; x_wconf 89' lang='lat' dir='ltr'>diu</span> <span class='ocrx_word' id='word_1_43' title='bbox 455 2071 607 2128; x_wconf 87' lang='lat' dir='ltr'>desiderati</span> <span class='ocrx_word' id='word_1_44' title='bbox 626 2075 720 2129; x_wconf 88' lang='lat' dir='ltr'>essent</span> <span class='ocrx_word' id='word_1_45' title='bbox 733 2076 770 2142; x_wconf 90' lang='lat' dir='ltr'>et,</span> <span class='ocrx_word' id='word_1_46' title='bbox 790 2074 879 2130; x_wconf 81' lang='lat' dir='ltr'>sicubi</span> <span class='ocrx_word' id='word_1_47' title='bbox 894 2093 957 2146; x_wconf 86' lang='lat' dir='ltr'>spes</span> <span class='ocrx_word' id='word_1_48' title='bbox 972 2093 1068 2131; x_wconf 87' lang='lat' dir='ltr'>eorum</span> 
     </span>
     <span class='ocr_line' id='line_1_9' title="bbox 12 2145 1067 2216; baseline 0.004 -19"><span class='ocrx_word' id='word_1_49' title='bbox 12 2165 14 2216; x_wconf 78' lang='lat' dir='ltr'>j</span> <span class='ocrx_word' id='word_1_50' title='bbox 70 2145 313 2215; x_wconf 80' lang='lat' dir='ltr'>recuperandorum</span> <span class='ocrx_word' id='word_1_51' title='bbox 331 2145 451 2199; x_wconf 87' lang='lat' dir='ltr'>subnata</span> <span class='ocrx_word' id='word_1_52' title='bbox 469 2145 550 2210; x_wconf 88' lang='lat' dir='ltr'>esset,</span> <span class='ocrx_word' id='word_1_53' title='bbox 569 2160 679 2216; x_wconf 82' lang='lat' dir='ltr'>semper</span> <span class='ocrx_word' id='word_1_54' title='bbox 697 2145 866 2213; x_wconf 70' lang='lat' dir='ltr'>evanuisset,</span> <span class='ocrx_word' id='word_1_55' title='bbox 885 2147 999 2201; x_wconf 87' lang='lat' dir='ltr'>tandem</span> <span class='ocrx_word' id='word_1_56' title='bbox 1012 2148 1067 2202; x_wconf 89' lang='lat' dir='ltr'>An-</span> 
     </span>
     <span class='ocr_line' id='line_1_10' title="bbox 12 2213 1068 2288; baseline 0.005 -20"><span class='ocrx_word' id='word_1_57' title='bbox 12 2273 13 2278; x_wconf 19' lang='lat'>,</span> <span class='ocrx_word' id='word_1_58' title='bbox 70 2214 140 2282; x_wconf 84' lang='lat' dir='ltr'>gelus</span> <span class='ocrx_word' id='word_1_59' title='bbox 158 2215 248 2269; x_wconf 85' lang='lat' dir='ltr'>Maius</span> <span class='ocrx_word' id='word_1_60' title='bbox 266 2215 326 2284; x_wconf 88' lang='lat' dir='ltr'>has,</span> <span class='ocrx_word' id='word_1_61' title='bbox 345 2231 414 2284; x_wconf 87' lang='lat' dir='ltr'>quas</span> <span class='ocrx_word' id='word_1_62' title='bbox 428 2221 501 2268; x_wconf 86' lang='lat' dir='ltr'>nunc</span> <span class='ocrx_word' id='word_1_63' title='bbox 515 2213 658 2283; x_wconf 87' lang='lat' dir='ltr'>habemus,</span> <span class='ocrx_word' id='word_1_64' title='bbox 678 2232 773 2271; x_wconf 92' lang='lat' dir='ltr'>eorum</span> <span class='ocrx_word' id='word_1_65' title='bbox 787 2215 921 2271; x_wconf 91' lang='lat' dir='ltr'>librorum</span> <span class='ocrx_word' id='word_1_66' title='bbox 934 2217 1068 2288; x_wconf 79' lang='lat' dir='ltr'>reliquias</span> 
     </span>
     <span class='ocr_line' id='line_1_11' title="bbox 12 2284 1068 2354; baseline 0.006 -18"><span class='ocrx_word' id='word_1_67' title='bbox 12 2311 13 2316; x_wconf 20' lang='grc' dir='ltr'><strong>κ</strong></span> <span class='ocrx_word' id='word_1_68' title='bbox 69 2284 94 2338; x_wconf 92' lang='lat' dir='ltr'>in</span> <span class='ocrx_word' id='word_1_69' title='bbox 115 2285 209 2340; x_wconf 88' lang='lat' dir='ltr'>codice</span> <span class='ocrx_word' id='word_1_70' title='bbox 228 2284 365 2340; x_wconf 85' lang='lat' dir='ltr'>Vaticano</span> <span class='ocrx_word' id='word_1_71' title='bbox 383 2285 568 2354; x_wconf 78' lang='lat' dir='ltr'>palimpsesto</span> <span class='ocrx_word' id='word_1_72' title='bbox 587 2285 697 2341; x_wconf 87' lang='lat' dir='ltr'>invenit</span> <span class='ocrx_word' id='word_1_73' title='bbox 714 2288 744 2342; x_wconf 88' lang='lat' dir='ltr'>et</span> <span class='ocrx_word' id='word_1_74' title='bbox 761 2285 924 2342; x_wconf 85' lang='lat' dir='ltr'>coniunctas</span> <span class='ocrx_word' id='word_1_75' title='bbox 944 2305 1006 2342; x_wconf 89' lang='lat' dir='ltr'>cum</span> <span class='ocrx_word' id='word_1_76' title='bbox 1025 2305 1068 2342; x_wconf 90' lang='lat' dir='ltr'>ce·</span> 
     </span>
     <span class='ocr_line' id='line_1_12' title="bbox 12 2354 1067 2428; baseline 0.004 -20"><span class='ocrx_word' id='word_1_77' title='bbox 12 2375 14 2400; x_wconf 59' lang='lat' dir='ltr'>i</span> <span class='ocrx_word' id='word_1_78' title='bbox 69 2355 128 2410; x_wconf 85' lang='lat' dir='ltr'>teris</span> <span class='ocrx_word' id='word_1_79' title='bbox 145 2355 311 2425; x_wconf 70' lang='lat' dir='ltr'>tegmentis</span> <span class='ocrx_word' id='word_1_80' title='bbox 329 2355 421 2410; x_wconf 90' lang='lat' dir='ltr'>edidit</span> <span class='ocrx_word' id='word_1_81' title='bbox 438 2371 510 2410; x_wconf 89' lang='lat' dir='ltr'>anno</span> <span class='ocrx_word' id='word_1_82' title='bbox 529 2354 611 2410; x_wconf 87' lang='lat' dir='ltr'>huius</span> <span class='ocrx_word' id='word_1_83' title='bbox 631 2357 737 2426; x_wconf 89' lang='lat' dir='ltr'>saeculi</span> <span class='ocrx_word' id='word_1_84' title='bbox 752 2357 839 2411; x_wconf 86' lang='lat' dir='ltr'>XXII.</span> <span class='ocrx_word' id='word_1_85' title='bbox 868 2356 943 2422; x_wconf 81' lang='lat' dir='ltr'>Quae</span> <span class='ocrx_word' id='word_1_86' title='bbox 963 2359 999 2412; x_wconf 87' lang='lat' dir='ltr'>ad</span> <span class='ocrx_word' id='word_1_87' title='bbox 1012 2358 1067 2428; x_wconf 90' lang='lat' dir='ltr'>pri·</span> 
     </span>
     <span class='ocr_line' id='line_1_13' title="bbox 69 2424 924 2491; baseline 0.006 -14"><span class='ocrx_word' id='word_1_88' title='bbox 69 2442 136 2480; x_wconf 88' lang='lat' dir='ltr'>mum</span> <span class='ocrx_word' id='word_1_89' title='bbox 153 2427 256 2480; x_wconf 88' lang='lat' dir='ltr'>librum</span> <span class='ocrx_word' id='word_1_90' title='bbox 294 2424 423 2491; x_wconf 77' lang='lat' dir='ltr'>estinant,</span> <span class='ocrx_word' id='word_1_91' title='bbox 443 2426 477 2481; x_wconf 90' lang='lat' dir='ltr'>de</span> <span class='ocrx_word' id='word_1_92' title='bbox 495 2425 531 2480; x_wconf 93' lang='lat' dir='ltr'>iis</span> <span class='ocrx_word' id='word_1_93' title='bbox 550 2425 608 2481; x_wconf 83' lang='lat' dir='ltr'>fere</span> <span class='ocrx_word' id='word_1_94' title='bbox 626 2427 697 2482; x_wconf 90' lang='lat' dir='ltr'>haec</span> <span class='ocrx_word' id='word_1_95' title='bbox 716 2426 835 2482; x_wconf 87' lang='lat' dir='ltr'>dicenda</span> <span class='ocrx_word' id='word_1_96' title='bbox 853 2429 924 2482; x_wconf 84' lang='lat' dir='ltr'>sunt</span> 
     </span>
    </p>

    <p class='ocr_par' dir='ltr' id='par_1_5' title="bbox 12 2444 1119 3562">
     <span class='ocr_line' id='line_1_14' title="bbox 12 2444 1068 2568; baseline 0 -16"><span class='ocrx_word' id='word_1_97' title='bbox 12 2549 13 2552; x_wconf 74' lang='grc'>,</span> <span class='ocrx_word' id='word_1_98' title='bbox 132 2497 228 2552; x_wconf 87' lang='lat' dir='ltr'>Cicero</span> <span class='ocrx_word' id='word_1_99' title='bbox 247 2444 372 2551; x_wconf 72' lang='lat' dir='ltr'>Piistonis</span> <span class='ocrx_word' id='word_1_100' title='bbox 397 2499 426 2551; x_wconf 92' lang='lat' dir='ltr'>et</span> <span class='ocrx_word' id='word_1_101' title='bbox 443 2495 604 2550; x_wconf 87' lang='lat' dir='ltr'>Aristotelis</span> <span class='ocrx_word' id='word_1_102' title='bbox 628 2497 755 2567; x_wconf 87' lang='lat' dir='ltr'>exemplo</span> <span class='ocrx_word' id='word_1_103' title='bbox 779 2497 813 2552; x_wconf 90' lang='lat' dir='ltr'>de</span> <span class='ocrx_word' id='word_1_104' title='bbox 837 2497 1003 2568; x_wconf 83' lang='lat' dir='ltr'>republica</span> <span class='ocrx_word' id='word_1_105' title='bbox 1026 2498 1068 2552; x_wconf 90' lang='lat' dir='ltr'>in·</span> 
     </span>
     <span class='ocr_line' id='line_1_15' title="bbox 12 2565 1067 2637; baseline 0.005 -19"><span class='ocrx_word' id='word_1_106' title='bbox 12 2567 14 2576; x_wconf 83' lang='grc'>’</span> <span class='ocrx_word' id='word_1_107' title='bbox 69 2565 154 2622; x_wconf 88' lang='lat' dir='ltr'>stituit</span> <span class='ocrx_word' id='word_1_108' title='bbox 176 2566 310 2632; x_wconf 86' lang='lat' dir='ltr'>scribere,</span> <span class='ocrx_word' id='word_1_109' title='bbox 335 2569 380 2634; x_wconf 91' lang='lat' dir='ltr'>ut,</span> <span class='ocrx_word' id='word_1_110' title='bbox 406 2565 430 2621; x_wconf 86' lang='lat' dir='ltr'>si</span> <span class='ocrx_word' id='word_1_111' title='bbox 453 2582 508 2637; x_wconf 89' lang='lat' dir='ltr'>qua</span> <span class='ocrx_word' id='word_1_112' title='bbox 530 2568 626 2636; x_wconf 87' lang='lat' dir='ltr'>posset</span> <span class='ocrx_word' id='word_1_113' title='bbox 644 2568 786 2623; x_wconf 87' lang='lat' dir='ltr'>labantem</span> <span class='ocrx_word' id='word_1_114' title='bbox 805 2566 861 2622; x_wconf 88' lang='lat' dir='ltr'>iam</span> <span class='ocrx_word' id='word_1_115' title='bbox 879 2567 1067 2623; x_wconf 84' lang='lat' dir='ltr'>Romanorum</span> 
     </span>
     <span class='ocr_line' id='line_1_16' title="bbox 68 2636 1068 2709; baseline 0.005 -22"><span class='ocrx_word' id='word_1_116' title='bbox 68 2637 278 2709; x_wconf 86' lang='lat' dir='ltr'>rempublicam</span> <span class='ocrx_word' id='word_1_117' title='bbox 297 2636 415 2692; x_wconf 84' lang='lat' dir='ltr'>consilio</span> <span class='ocrx_word' id='word_1_118' title='bbox 434 2638 598 2705; x_wconf 84' lang='lat' dir='ltr'>sustentare,</span> <span class='ocrx_word' id='word_1_119' title='bbox 616 2637 689 2691; x_wconf 87' lang='lat' dir='ltr'>nihil</span> <span class='ocrx_word' id='word_1_120' title='bbox 708 2637 835 2693; x_wconf 89' lang='lat' dir='ltr'>omisisse</span> <span class='ocrx_word' id='word_1_121' title='bbox 853 2637 1002 2693; x_wconf 85' lang='lat' dir='ltr'>videretur.</span> <span class='ocrx_word' id='word_1_122' title='bbox 1028 2639 1068 2694; x_wconf 85' lang='lat' dir='ltr'>Ut</span> 
     </span>
     <span class='ocr_line' id='line_1_17' title="bbox 68 2706 1068 2778; baseline 0.006 -20"><span class='ocrx_word' id='word_1_123' title='bbox 68 2722 126 2763; x_wconf 87' lang='lat' dir='ltr'>vero</span> <span class='ocrx_word' id='word_1_124' title='bbox 150 2708 209 2762; x_wconf 87' lang='lat' dir='ltr'>sine</span> <span class='ocrx_word' id='word_1_125' title='bbox 227 2706 287 2761; x_wconf 88' lang='lat' dir='ltr'>ulla</span> <span class='ocrx_word' id='word_1_126' title='bbox 303 2706 411 2762; x_wconf 86' lang='lat' dir='ltr'>invidia</span> <span class='ocrx_word' id='word_1_127' title='bbox 429 2707 597 2777; x_wconf 85' lang='lat' dir='ltr'>disputaret,</span> <span class='ocrx_word' id='word_1_128' title='bbox 622 2707 841 2778; x_wconf 89' lang='lat' dir='ltr'>disputationem</span> <span class='ocrx_word' id='word_1_129' title='bbox 859 2725 916 2762; x_wconf 84' lang='lat' dir='ltr'>non</span> <span class='ocrx_word' id='word_1_130' title='bbox 934 2725 951 2762; x_wconf 86' lang='lat' dir='ltr'>a</span> <span class='ocrx_word' id='word_1_131' title='bbox 969 2725 999 2764; x_wconf 90' lang='lat' dir='ltr'>se</span> <span class='ocrx_word' id='word_1_132' title='bbox 1017 2711 1068 2764; x_wconf 90' lang='lat' dir='ltr'>aut</span> 
     </span>
     <span class='ocr_line' id='line_1_18' title="bbox 67 2777 1065 2848; baseline 0.007 -20"><span class='ocrx_word' id='word_1_133' title='bbox 67 2793 111 2832; x_wconf 91' lang='lat' dir='ltr'>suo</span> <span class='ocrx_word' id='word_1_134' title='bbox 133 2780 272 2848; x_wconf 86' lang='lat' dir='ltr'>tempore,</span> <span class='ocrx_word' id='word_1_135' title='bbox 296 2778 346 2832; x_wconf 87' lang='lat' dir='ltr'>sed</span> <span class='ocrx_word' id='word_1_136' title='bbox 368 2778 404 2832; x_wconf 90' lang='lat' dir='ltr'>ab</span> <span class='ocrx_word' id='word_1_137' title='bbox 422 2777 554 2832; x_wconf 84' lang='lat' dir='ltr'>Africano</span> <span class='ocrx_word' id='word_1_138' title='bbox 577 2777 684 2834; x_wconf 87' lang='lat' dir='ltr'>minore</span> <span class='ocrx_word' id='word_1_139' title='bbox 703 2777 842 2834; x_wconf 83' lang='lat' dir='ltr'>Tuditano</span> <span class='ocrx_word' id='word_1_140' title='bbox 860 2777 975 2848; x_wconf 90' lang='lat' dir='ltr'>Aquilio</span> <span class='ocrx_word' id='word_1_141' title='bbox 995 2795 1065 2835; x_wconf 87' lang='lat' dir='ltr'>coss.</span> 
     </span>
     <span class='ocr_line' id='line_1_19' title="bbox 67 2847 1067 2931; baseline 0.005 -30"><span class='ocrx_word' id='word_1_142' title='bbox 67 2852 121 2912; x_wconf 75' lang='lat'>(625</span> <span class='ocrx_word' id='word_1_143' title='bbox 140 2866 164 2906; x_wconf 89' lang='lat' dir='ltr'>a.</span> <span class='ocrx_word' id='word_1_144' title='bbox 184 2867 210 2902; x_wconf 91' lang='lat' dir='ltr'>u.</span> <span class='ocrx_word' id='word_1_145' title='bbox 230 2851 264 2918; x_wconf 87' lang='lat' dir='ltr'>c.)</span> <span class='ocrx_word' id='word_1_146' title='bbox 286 2847 413 2903; x_wconf 88' lang='lat' dir='ltr'>habitam</span> <span class='ocrx_word' id='word_1_147' title='bbox 431 2847 519 2918; x_wconf 85' lang='lat' dir='ltr'>fingit.</span> <span class='ocrx_word' id='word_1_148' title='bbox 552 2847 597 2902; x_wconf 84' lang='lat' dir='ltr'>Ad</span> <span class='ocrx_word' id='word_1_149' title='bbox 619 2849 706 2917; x_wconf 86' lang='lat' dir='ltr'>huno,</span> <span class='ocrx_word' id='word_1_150' title='bbox 730 2851 815 2920; x_wconf 86' lang='lat' dir='ltr'>paulo</span> <span class='ocrx_word' id='word_1_151' title='bbox 834 2851 899 2904; x_wconf 86' lang='lat' dir='ltr'>ante</span> <span class='ocrx_word' id='word_1_152' title='bbox 919 2867 1003 2931; x_wconf 84' lang='lat' dir='ltr'>quam</span> <span class='ocrx_word' id='word_1_153' title='bbox 1021 2867 1067 2906; x_wconf 87' lang='lat' dir='ltr'>ex-</span> 
     </span>
     <span class='ocr_line' id='line_1_20' title="bbox 67 2917 1119 2990; baseline 0.008 -22"><span class='ocrx_word' id='word_1_154' title='bbox 67 2919 177 2975; x_wconf 86' lang='lat' dir='ltr'>stinctus</span> <span class='ocrx_word' id='word_1_155' title='bbox 202 2919 257 2984; x_wconf 90' lang='lat' dir='ltr'>est,</span> <span class='ocrx_word' id='word_1_156' title='bbox 280 2917 357 2974; x_wconf 87' lang='lat' dir='ltr'>feriis</span> <span class='ocrx_word' id='word_1_157' title='bbox 376 2918 483 2974; x_wconf 85' lang='lat' dir='ltr'>Latinis</span> <span class='ocrx_word' id='word_1_158' title='bbox 508 2920 695 2974; x_wconf 84' lang='lat' dir='ltr'>convenerant</span> <span class='ocrx_word' id='word_1_159' title='bbox 717 2919 826 2988; x_wconf 87' lang='lat' dir='ltr'>aliquot</span> <span class='ocrx_word' id='word_1_160' title='bbox 843 2918 1009 2990; x_wconf 81' lang='lat' dir='ltr'>familiares,</span> <span class='ocrx_word' id='word_1_161' title='bbox 1034 2919 1065 2986; x_wconf 82' lang='lat' dir='ltr'>Q.</span> <span class='ocrx_word' id='word_1_162' title='bbox 1117 2930 1119 2936; x_wconf 88' lang='lat'>&#39;</span> 
     </span>
     <span class='ocr_line' id='line_1_21' title="bbox 65 2987 1067 3060; baseline 0.007 -21"><span class='ocrx_word' id='word_1_163' title='bbox 65 2987 154 3043; x_wconf 84' lang='lat' dir='ltr'>Aelius</span> <span class='ocrx_word' id='word_1_164' title='bbox 169 2989 288 3056; x_wconf 90' lang='lat' dir='ltr'>Tubero,</span> <span class='ocrx_word' id='word_1_165' title='bbox 306 2989 387 3044; x_wconf 86' lang='lat' dir='ltr'>Pauli</span> <span class='ocrx_word' id='word_1_166' title='bbox 405 3003 439 3044; x_wconf 82' lang='lat' dir='ltr'>ex</span> <span class='ocrx_word' id='word_1_167' title='bbox 452 2988 573 3044; x_wconf 86' lang='lat' dir='ltr'>Aemilia</span> <span class='ocrx_word' id='word_1_168' title='bbox 591 3007 688 3060; x_wconf 86' lang='lat' dir='ltr'>nepos,</span> <span class='ocrx_word' id='word_1_169' title='bbox 708 3007 801 3045; x_wconf 87' lang='lat' dir='ltr'>sorore</span> <span class='ocrx_word' id='word_1_170' title='bbox 816 2989 949 3060; x_wconf 83' lang='lat' dir='ltr'>Africani,</span> <span class='ocrx_word' id='word_1_171' title='bbox 968 2992 999 3046; x_wconf 86' lang='lat' dir='ltr'>L.</span> <span class='ocrx_word' id='word_1_172' title='bbox 1014 2991 1067 3046; x_wconf 90' lang='lat' dir='ltr'>Fu·</span> 
     </span>
     <span class='ocr_line' id='line_1_22' title="bbox 65 3056 1066 3131; baseline 0.003 -20"><span class='ocrx_word' id='word_1_173' title='bbox 65 3056 116 3112; x_wconf 86' lang='lat' dir='ltr'>rius</span> <span class='ocrx_word' id='word_1_174' title='bbox 133 3060 243 3127; x_wconf 88' lang='lat' dir='ltr'>Philus,</span> <span class='ocrx_word' id='word_1_175' title='bbox 266 3059 295 3114; x_wconf 90' lang='lat' dir='ltr'>P.</span> <span class='ocrx_word' id='word_1_176' title='bbox 315 3058 438 3116; x_wconf 83' lang='lat' dir='ltr'>Rutilius</span> <span class='ocrx_word' id='word_1_177' title='bbox 457 3059 558 3128; x_wconf 85' lang='lat' dir='ltr'>Rufus,</span> <span class='ocrx_word' id='word_1_178' title='bbox 584 3060 630 3131; x_wconf 81' lang='lat' dir='ltr'>Sp.</span> <span class='ocrx_word' id='word_1_179' title='bbox 650 3060 812 3130; x_wconf 86' lang='lat' dir='ltr'>Mummius,</span> <span class='ocrx_word' id='word_1_180' title='bbox 836 3061 954 3116; x_wconf 84' lang='lat' dir='ltr'>Achaici</span> <span class='ocrx_word' id='word_1_181' title='bbox 971 3062 1066 3129; x_wconf 89' lang='lat' dir='ltr'>frater,</span> 
     </span>
     <span class='ocr_line' id='line_1_23' title="bbox 67 3125 1066 3201; baseline 0.005 -20"><span class='ocrx_word' id='word_1_182' title='bbox 67 3125 91 3183; x_wconf 80' lang='grc' dir='ltr'>Ο.</span> <span class='ocrx_word' id='word_1_183' title='bbox 100 3129 228 3196; x_wconf 85' lang='lat' dir='ltr'>Fannius,</span> <span class='ocrx_word' id='word_1_184' title='bbox 245 3129 335 3185; x_wconf 87' lang='lat' dir='ltr'>Laelii</span> <span class='ocrx_word' id='word_1_185' title='bbox 348 3147 441 3200; x_wconf 83' lang='lat' dir='ltr'>gener,</span> <span class='ocrx_word' id='word_1_186' title='bbox 461 3130 491 3195; x_wconf 79' lang='lat' dir='ltr'>Q.</span> <span class='ocrx_word' id='word_1_187' title='bbox 501 3129 610 3185; x_wconf 88' lang='lat' dir='ltr'>Mucius</span> <span class='ocrx_word' id='word_1_188' title='bbox 620 3131 763 3200; x_wconf 82' lang='lat' dir='ltr'>Scaevola,</span> <span class='ocrx_word' id='word_1_189' title='bbox 779 3131 807 3188; x_wconf 80' lang='lat'>0.</span> <span class='ocrx_word' id='word_1_190' title='bbox 818 3132 928 3187; x_wconf 88' lang='lat' dir='ltr'>Laelius</span> <span class='ocrx_word' id='word_1_191' title='bbox 941 3132 1066 3201; x_wconf 86' lang='lat' dir='ltr'>Sapiens,</span> 
     </span>
     <span class='ocr_line' id='line_1_24' title="bbox 65 3197 1067 3266; baseline 0.004 -14"><span class='ocrx_word' id='word_1_192' title='bbox 65 3197 105 3258; x_wconf 82' lang='grc' dir='ltr'>Μ’,</span> <span class='ocrx_word' id='word_1_193' title='bbox 123 3201 263 3257; x_wconf 90' lang='lat' dir='ltr'>Manilius.</span> <span class='ocrx_word' id='word_1_194' title='bbox 298 3201 419 3266; x_wconf 83' lang='lat' dir='ltr'>Quorum</span> <span class='ocrx_word' id='word_1_195' title='bbox 438 3201 604 3257; x_wconf 79' lang='lat' dir='ltr'>ostaticum</span> <span class='ocrx_word' id='word_1_196' title='bbox 623 3202 657 3256; x_wconf 89' lang='lat' dir='ltr'>de</span> <span class='ocrx_word' id='word_1_197' title='bbox 676 3203 758 3258; x_wconf 90' lang='lat' dir='ltr'>rebus</span> <span class='ocrx_word' id='word_1_198' title='bbox 778 3202 944 3257; x_wconf 85' lang='lat' dir='ltr'>caelestibus</span> <span class='ocrx_word' id='word_1_199' title='bbox 964 3219 1067 3256; x_wconf 83' lang='lat' dir='ltr'>sermo·</span> 
     </span>
     <span class='ocr_line' id='line_1_25' title="bbox 67 3268 1068 3342; baseline 0.006 -22"><span class='ocrx_word' id='word_1_200' title='bbox 67 3268 231 3338; x_wconf 79' lang='lat' dir='ltr'>cinerentur,</span> <span class='ocrx_word' id='word_1_201' title='bbox 254 3271 366 3328; x_wconf 85' lang='lat' dir='ltr'>Laelius</span> <span class='ocrx_word' id='word_1_202' title='bbox 389 3272 479 3342; x_wconf 85' lang='lat' dir='ltr'>magis</span> <span class='ocrx_word' id='word_1_203' title='bbox 503 3271 539 3326; x_wconf 88' lang='lat' dir='ltr'>ad</span> <span class='ocrx_word' id='word_1_204' title='bbox 562 3288 592 3326; x_wconf 91' lang='lat' dir='ltr'>se</span> <span class='ocrx_word' id='word_1_205' title='bbox 610 3271 749 3342; x_wconf 87' lang='lat' dir='ltr'>pertinere</span> <span class='ocrx_word' id='word_1_206' title='bbox 768 3272 894 3328; x_wconf 87' lang='lat' dir='ltr'>ostendit</span> <span class='ocrx_word' id='word_1_207' title='bbox 911 3288 1068 3327; x_wconf 89' lang='lat' dir='ltr'>sermonem</span> 
     </span>
     <span class='ocr_line' id='line_1_26' title="bbox 67 3337 1066 3414; baseline 0.006 -24"><span class='ocrx_word' id='word_1_208' title='bbox 67 3337 96 3393; x_wconf 88' lang='lat' dir='ltr'>de</span> <span class='ocrx_word' id='word_1_209' title='bbox 114 3359 142 3398; x_wconf 89' lang='lat' dir='ltr'>re</span> <span class='ocrx_word' id='word_1_210' title='bbox 160 3342 289 3414; x_wconf 78' lang='lat' dir='ltr'>publica3</span> <span class='ocrx_word' id='word_1_211' title='bbox 313 3359 397 3412; x_wconf 89' lang='lat' dir='ltr'>quem</span> <span class='ocrx_word' id='word_1_212' title='bbox 414 3345 447 3398; x_wconf 90' lang='lat' dir='ltr'>ut</span> <span class='ocrx_word' id='word_1_213' title='bbox 464 3341 596 3396; x_wconf 88' lang='lat' dir='ltr'>instituat</span> <span class='ocrx_word' id='word_1_214' title='bbox 613 3342 761 3398; x_wconf 84' lang='lat' dir='ltr'>Africanus</span> <span class='ocrx_word' id='word_1_215' title='bbox 780 3357 912 3410; x_wconf 86' lang='lat' dir='ltr'>suamque</span> <span class='ocrx_word' id='word_1_216' title='bbox 931 3341 966 3396; x_wconf 94' lang='lat' dir='ltr'>de</span> <span class='ocrx_word' id='word_1_217' title='bbox 985 3359 1018 3396; x_wconf 86' lang='lat' dir='ltr'>ea</span> <span class='ocrx_word' id='word_1_218' title='bbox 1036 3359 1066 3396; x_wconf 89' lang='lat' dir='ltr'>rs</span> 
     </span>
     <span class='ocr_line' id='line_1_27' title="bbox 66 3411 1066 3486; baseline 0.001 -21"><span class='ocrx_word' id='word_1_219' title='bbox 66 3414 227 3486; x_wconf 68' lang='lat' dir='ltr'>sententiam</span> <span class='ocrx_word' id='word_1_220' title='bbox 251 3416 385 3484; x_wconf 81' lang='lat' dir='ltr'>exponat,</span> <span class='ocrx_word' id='word_1_221' title='bbox 409 3412 509 3470; x_wconf 87' lang='lat' dir='ltr'>ceteris</span> <span class='ocrx_word' id='word_1_222' title='bbox 528 3413 749 3468; x_wconf 88' lang='lat' dir='ltr'>adsentientibus</span> <span class='ocrx_word' id='word_1_223' title='bbox 767 3413 817 3466; x_wconf 87' lang='lat' dir='ltr'>ille</span> <span class='ocrx_word' id='word_1_224' title='bbox 835 3411 975 3482; x_wconf 88' lang='lat' dir='ltr'>impetrat.</span> <span class='ocrx_word' id='word_1_225' title='bbox 1012 3412 1066 3467; x_wconf 94' lang='lat' dir='ltr'>Hic</span> 
     </span>
     <span class='ocr_line' id='line_1_28' title="bbox 12 3480 1066 3562; baseline -0.001 -25"><span class='ocrx_word' id='word_1_226' title='bbox 12 3503 13 3562; x_wconf 67' lang='lat'>1</span> <span class='ocrx_word' id='word_1_227' title='bbox 67 3480 146 3548; x_wconf 79' lang='lat' dir='ltr'>lgitur</span> <span class='ocrx_word' id='word_1_228' title='bbox 163 3487 235 3556; x_wconf 85' lang='lat' dir='ltr'>(cap.</span> <span class='ocrx_word' id='word_1_229' title='bbox 256 3491 300 3555; x_wconf 80' lang='lat'>24)</span> <span class='ocrx_word' id='word_1_230' title='bbox 319 3485 434 3542; x_wconf 87' lang='lat' dir='ltr'>tandem</span> <span class='ocrx_word' id='word_1_231' title='bbox 453 3482 597 3540; x_wconf 86' lang='lat' dir='ltr'>exordiens</span> <span class='ocrx_word' id='word_1_232' title='bbox 616 3484 737 3554; x_wconf 85' lang='lat' dir='ltr'>primum</span> <span class='ocrx_word' id='word_1_233' title='bbox 756 3483 854 3538; x_wconf 85' lang='lat' dir='ltr'>definit</span> <span class='ocrx_word' id='word_1_234' title='bbox 867 3482 1011 3538; x_wconf 88' lang='lat' dir='ltr'>notionem</span> <span class='ocrx_word' id='word_1_235' title='bbox 1025 3482 1066 3538; x_wconf 89' lang='lat' dir='ltr'>rei</span> 
     </span>
    </p>
   </div>
   <div class='ocr_carea' id='block_1_5' title="bbox 0 0 1230 3938">
    <p class='ocr_par' dir='ltr' id='par_1_6' title="bbox 0 0 1230 3938">
     <span class='ocr_line' id='line_1_29' title="bbox 0 0 1230 3938; baseline 0 2"><span class='ocrx_word' id='word_1_236' title='bbox 0 0 1230 3938; x_wconf 95' lang='lat' dir='ltr'> </span> 
     </span>
    </p>
   </div>
  </div>
 </body>
</html>
