2452 3938
198 161 200 165 ’
235 187 310 244 our.
330 192 598 256 1e‚20.sra-ra
623 185 856 242 FRAGMENTA.
986 186 1052 250 269

61 333 252 418 praesidium.
291 330 513 416 ‘Declinat',
536 331 650 415 inquit,
675 329 865 396 ‘atomus'.
906 328 1052 395 Primum

61 423 127 486 cur?
149 421 247 486 aliam
269 420 356 484 enim
380 419 540 504 quandam
559 420 625 484 vim
643 423 751 484 motus
770 419 935 484 habebant
954 441 973 483 a
991 417 1052 483 De

61 510 183 575 mocrito
206 508 409 593 inpulsionis‚
435 531 533 592 quam
555 508 689 594 plagam
711 508 768 572 ille
792 508 945 593 appellat,
968 529 988 572 a
1010 511 1052 590 tc,

60 597 194 682 Epicure,
213 596 385 683 gravitatis
405 600 438 660 et
456 596 616 681 ponderis.
649 594 737 671 Quae
756 617 833 680 ergo
852 618 938 661 nova
955 617 1053 660 causa

30 685 90 749 sin
112 690 226 750 natura
249 688 313 770 cst,
341 706 423 769 quae
447 685 585 750 declinet
608 685 774 750 atomum?
807 687 864 749 aut
884 706 963 749 num
986 705 1053 749 sor·

59 773 173 838 tiuntur
199 774 285 838 inter
313 795 361 858 se,
394 795 476 857 quae
504 773 655 856 declinet,
687 794 769 856 quae
794 773 882 838 non?
915 775 972 836 aut
997 793 1053 837 cur

59 861 180 928 minimo
204 862 366 927 declinent
389 861 572 945 intervallo,
595 861 717 926 maiore
739 862 827 927 non?
850 864 907 925 aut
928 883 984 925 our
1001 861 1052 924 de·

59 949 169 1015 clinent
190 971 255 1016 uno
277 950 421 1034 minimo,
442 971 510 1015 non
527 949 688 1014 declinent
706 948 831 1013 duobus
850 952 907 1014 aut
925 948 1052 1013 tribus?

59 1037 168 1122 Optare
195 1039 258 1103 hoc
285 1039 414 1122 quidem
442 1041 504 1121 est,
531 1058 598 1102 non
620 1037 795 1122 disputare.
840 1035 927 1101 Nam
948 1057 1052 1119 neque
1071 1051 1104 1100 47

30 1143 48 1181 1⁰
59 1126 247 1192 extrinsecus
264 1126 428 1210 inpulsam
446 1130 592 1191 atomum
610 1127 682 1191 loco
701 1126 823 1190 moveri
842 1129 875 1189 et
893 1123 1052 1188 declinare

57 1215 141 1298 dicis,
167 1236 270 1298 neque
298 1215 332 1278 in
358 1215 418 1279 illo
444 1214 547 1298 inani,
573 1221 646 1298 per‘
660 1213 746 1297 quod
767 1213 892 1278 feratur
915 1214 1053 1295 atomus,

58 1303 220 1387 quicquam
247 1302 347 1367 fuisse
374 1324 501 1386 causae,
529 1324 585 1367 cur
613 1323 651 1366 ea
673 1323 739 1366 non
762 1323 779 1366 c
802 1301 933 1387 regione
956 1299 1053 1365 ferre-

57 1395 113 1475 tur,
133 1413 191 1457 nec
212 1391 248 1456 in
270 1391 343 1476 ipsa
365 1395 474 1456 atomo
497 1387 688 1455 mutationis
712 1389 835 1474 aliquid
852 1388 974 1454 factum
993 1393 1053 1474 est,

58 1500 146 1562 quam
168 1480 211 1545 ob
235 1501 304 1544 rem
326 1478 509 1545 naturalem
532 1481 658 1544 motum
682 1477 731 1542 sui
753 1476 905 1562 ponderis
923 1498 990 1543 non
1007 1480 1053 1542 te-

29 1581 47 1619 ¹⁵
57 1571 148 1632 neret.
184 1566 237 1632 Ita
259 1589 330 1632 cum
355 1567 522 1632 attulisset
543 1567 668 1630 nullam
692 1587 831 1648 oausam,
854 1587 937 1650 quae
954 1566 1053 1631 istam

56 1655 294 1721 declinationem
322 1654 477 1738 efficeret,
503 1651 613 1718 tamen
641 1653 763 1737 aliquid
791 1653 854 1718 sibi
881 1653 985 1717 dicere
1007 1653 1053 1717 vi·

56 1742 149 1828 detur,
171 1765 245 1808 cum
263 1743 297 1808 id
315 1742 410 1827 dicat,
429 1742 515 1827 quod
534 1741 677 1806 omnium
695 1744 820 1806 mentes
840 1744 1053 1825 aspernentur

57 1853 88 1896 ao
116 1835 280 1917 respuant.
325 1829 394 1897 Nec
423 1852 501 1896 vero
530 1829 702 1914 quisquam
729 1830 834 1916 magis
862 1829 1052 1894 confirmare
1070 1843 1104 1892 48

56 1921 128 1985 mihi
154 1920 283 1985 videtur
309 1940 375 1984 nou
398 1919 493 1984 modo
516 1918 635 2002 fatum,
661 1940 772 1983 verum
797 1917 895 1984 etiam
917 1918 1053 1982 necessi-

28 2018 47 2058 ²⁰
57 2010 152 2073 tatem
170 2012 203 2072 et
220 2008 288 2073 uim
301 2007 446 2072 omnium
459 2029 568 2072 rerum
583 2007 815 2090 sustulisseque
829 2011 937 2072 motus
953 2007 1053 2072 animi

56 2097 264 2180 voluntarios,
294 2119 391 2181 quam
414 2095 481 2180 hic,
504 2097 561 2179 qui
584 2095 678 2160 aliter
700 2096 857 2161 obsistere
879 2094 949 2160 fato
972 2089 1069 2160 fate?

56 2186 103 2248 tur
129 2207 163 2250 sc
185 2207 252 2250 non
274 2184 432 2270 potuisse,
460 2183 524 2247 nisi
547 2184 588 2248 ad
609 2184 670 2248 has
693 2184 935 2250 commenticias
958 2183 1052 2248 decli-

56 2273 196 2339 nationes
214 2273 422 2358 confugisset.
454 2269 549 2356 Nam,
571 2275 609 2337 ut
628 2260 735 2337 ess'ent
754 2271 864 2354 atomi,
888 2293 967 2355 quas
985 2272 1052 2356 qui-

57 2359 120 2426 dem
156 2383 227 2427 esse
259 2361 339 2426 mihi
369 2360 503 2445 probari
532 2360 623 2426 nullo
655 2360 751 2425 modo
783 2361 906 2444 potest,
941 2363 1051 2423 tamen

29 2459 46 2500 ²⁵
58 2448 279 2515 declinatione
306 2449 389 2514 istac
416 2470 593 2532 numquam
620 2447 864 2531 explicarentur.
909 2444 995 2510 Nam
1023 2447 1051 2510 si

57 2538 173 2624 atomis,
196 2540 234 2602 ut
257 2537 419 2623 gravitate
437 2536 591 2621 ferantur,
613 2537 773 2600 tributum
792 2537 842 2598 est
859 2533 1051 2600 necessitate

56 2631 196 2710 naturae,
224 2625 310 2710 quod
337 2645 432 2690 omne
458 2625 584 2708 pondus
606 2623 698 2687 nulla
720 2644 755 2687 re
777 2622 961 2707 inpediente
984 2644 1051 2686 mo·

55 2717 160 2779 ceatur
180 2718 213 2779 et
230 2714 354 2778 feratur
372 2733 501 2778 necesse
520 2716 579 2795 est,
597 2710 679 2775 illud
697 2731 824 2795 quoquc
842 2731 972 2776 neccsse
991 2713 1051 2794 cst,

56 2800 224 2887 declinare,
248 2801 441 2886 quibusdam
463 2801 580 2866 atomis
606 2800 671 2883 vel,
701 2800 730 2863 si
752 2799 879 2882 volunt,
903 2798 1051 2864 omnibus

28 2891 257 2957 unrturaliter.
272 2940 279 2954 .
294 2938 324 2956 ..

356 3077 745 3162 FRAGMENTA

419 3207 686 3270 uurusumru.

117 3332 145 3395 1.
169 3329 288 3396 Gellius
314 3333 392 3395 noct.
413 3328 507 3394 Aac.
536 3327 608 3395 VII
625 3329 720 3394 2.1o
745 3325 856 3409 Itaque
877 3323 925 3390 M.
948 3324 1051 3392 Otene

56 3416 188 3499 talitro,
205 3439 294 3501 quem
311 3419 347 3484 de
362 3417 430 3499 foto
448 3417 632 3499 consotpsc't,
650 3435 719 3481 cum
736 3415 941 3498 occatorem
958 3411 1051 3479 istum

57 3505 159 3573 diceret
186 3507 432 3574 obscurissimum
458 3510 573 3572 essert
598 3504 878 3587 institututum,
908 3499 1051 3586 Odrysii)-
