2476 3936
306 193 374 251 ΜΒ,
393 195 441 252 111.
462 193 538 252 GAP.
560 201 672 251 13-17.
691 200 706 261 a·
725 201 839 251 ae-ar.
1012 193 1075 260 341

68 337 167 423 fiunt,
194 338 411 423 quoniamque
439 338 550 404 eadem
577 342 628 404 est
653 339 739 404 ratio
765 338 846 404 iuris
873 339 908 404 in
930 342 1077 430 utroque,

69 427 109 491 de
131 427 248 512 populi
269 427 429 512 sapientia
448 426 617 494 dicendum
633 431 724 512 puto.
760 425 807 492 Ut
827 427 894 492 iam
912 428 1062 493 omittam
1069 436 1128 507 [25]

69 516 167 598 alios,
197 518 310 580 noster
336 515 389 598 hio
415 516 569 601 populus,
600 537 696 600 quem
722 515 895 582 Africanus
924 515 1077 581 hesterno

69 625 220 670 sermone
248 625 268 668 a
294 603 395 689 stirpe
422 603 587 689 repetivit,
615 604 705 670 ouius
731 604 869 688 imperio
895 604 962 670 iam
989 603 1078 670 orbis

42 695 178 757 sterrae
201 695 339 777 tenetur,
361 692 488 758 iustitia
510 714 553 758 an
574 690 737 779 sapientia
754 695 805 758 est
823 713 841 758 e
859 692 993 759 minimo
1012 713 1079 760 om·

67 780 161 846 nium
183 782 340 846 mamae
355 780 480 862 foetu?

186 919 426 1002 [Desiderootur
446 923 613 988 minimam
634 927 778 1006 quattuor
793 923 952 1006 popinae]

134 1048 266 1130 praeter
292 1043 437 1110 Arcadas
464 1049 498 1111 et
519 1044 743 1130 Atheniensis,
770 1045 839 1130 qui,
866 1045 974 1130 oredo,
1002 1048 1043 1126 [p.
1062 1061 1077 1112 1
1096 1060 1130 1110 25

68 1133 225 1200 timentes
251 1132 314 1198 hoo
340 1133 549 1200 interdictum
575 1134 721 1200 iustitiae
748 1155 789 1199 ne
813 1134 941 1218 quando
964 1135 1079 1200 existe·

68 1226 129 1305 ret,
153 1221 329 1286 commenti
353 1226 428 1286 sunt
451 1243 486 1288 se
505 1222 544 1287 de
562 1226 651 1288 terra
668 1227 837 1307 tamquam
854 1223 915 1288 hos
934 1245 973 1288 ex
990 1223 1078 1288 arvis

32 1330 56 1369 ro
68 1309 235 1374 musculos
259 1309 412 1376 extitisse.

137 1396 191 1462 Ad
218 1397 298 1463 haee
324 1399 383 1462 illa
409 1398 472 1466 diei
499 1399 606 1465 solent
632 1399 775 1485 primum
798 1400 839 1465 ab
861 1399 916 1484 iis,
942 1400 1000 1484 qui
1021 1400 1078 1465 mi·
1090 1373 1131 1500 12}

68 1487 158 1553 nime
181 1490 259 1550 sunt
279 1486 316 1552 in
333 1486 519 1553 disserendo
538 1487 626 1572 mali,
649 1488 706 1571 qui
723 1488 758 1552 in
775 1510 814 1554 ea
832 1509 930 1554 causa
948 1510 986 1554 eo
1004 1488 1079 1573 plus

70 1573 277 1641 auctoritatis
299 1573 431 1660 habent,
454 1576 539 1661 quia,
562 1597 635 1642 oum
653 1576 692 1640 de
710 1575 780 1642 viro
799 1578 885 1642 bono
905 1577 1080 1660 quaeritur,

69 1683 169 1748 quem
197 1667 345 1747 apertum
372 1667 405 1728 et
432 1665 612 1750 simplicem
635 1664 785 1730 volumus
808 1685 892 1747 esse,
914 1685 981 1729 non
1004 1667 1081 1728 sunt

34 1771 56 1812 15
70 1753 107 1817 in
135 1751 331 1836 disputando
359 1753 458 1836 vafri,
486 1775 553 1819 non
579 1755 793 1836 veteratores,
820 1773 887 1818 non
909 1752 1080 1836 malitiosi3

68 1844 195 1926 negant
226 1840 312 1905 enim
345 1842 524 1926 sapientem
555 1837 684 1927 idloiroo
714 1840 821 1906 virum
849 1840 971 1906 bonum
1003 1843 1081 1921 [pe

69 1950 156 2013 esse,
184 1928 270 2013 quod
297 1950 369 1994 eum
398 1951 457 1996 sua
484 1933 599 2015 sponte
627 1950 665 1995 ao
685 1950 745 2013 per
767 1949 802 1993 se
825 1928 955 1994 bonitas
979 1932 1013 1992 et
1034 1928 1081 1994 iu·

70 2017 167 2082 stitia
184 2017 332 2100 delectet,
350 2018 406 2083 sed
421 2019 508 2102 quod
521 2040 623 2085 vaoua
636 2021 734 2100 metu,
750 2039 835 2102 eura,
854 2016 1081 2101 sollieitudine,

69 2105 217 2192 periculo
231 2105 301 2171 vita
314 2105 474 2172 bonorum
487 2107 632 2173 virorum
646 2106 698 2188 sit,
712 2110 826 2171 eontra
839 2109 949 2170 autem
962 2105 1082 2190 impro-

33 2215 56 2254 so
69 2195 123 2259 bis
151 2213 279 2278 semper
301 2193 403 2279 aliqui
426 2216 559 2280 scrupus
582 2195 617 2260 in
640 2194 756 2260 animis
779 2194 926 2278 haereat,
953 2215 1081 2279 semper

70 2283 113 2347 iis
136 2285 213 2348 ante
237 2282 346 2349 oculos
369 2283 488 2348 iudicia
511 2286 544 2347 et
567 2281 726 2367 supplicia
747 2285 931 2365 versentur3
952 2283 1081 2353 nullum

71 2374 183 2436 autem
211 2371 464 2437 emolumentum
492 2392 575 2454 esse,
605 2370 734 2435 nullum
760 2369 922 2434 iniustitia
948 2374 1080 2454 partum

69 2457 253 2544 praemium
280 2461 423 2544 tantum,
451 2479 577 2543 semper
600 2461 637 2522 ut
658 2457 791 2542 timeas,
819 2478 945 2541 semper
967 2461 1004 2521 ut
1028 2456 1081 2521 ad-

71 2567 158 2630 esse,
190 2558 317 2630 semp'er
348 2551 385 2614 ut
415 2547 600 2634 impendere
633 2545 776 2630 aliquam
806 2566 946 2630 poenam
976 2548 1081 2630 putes,

33 2656 57 2698 as
70 2636 206 2700 damna.
221 2684 228 2700 .
242 2681 273 2700 ..

72 2779 317 2862 [Desideroator
339 2779 376 2843 ia
401 2779 463 2844 eod.
492 2777 559 2844 Vol.
587 2781 732 2860 quattuor
752 2775 920 2840 minimam
935 2774 1081 2858 popinae,

70 2870 126 2935 sed
146 2889 212 2932 uuo
233 2869 296 2949 fere
311 2868 433 2951 popina
454 2867 517 2932 loeo
539 2865 578 2932 ob
595 2865 758 2930 Lactantio
776 2863 883 2930 adlato
901 2864 1132 3012 suppletae]17

140 2991 340 3076 (aasentias
368 2991 439 3056 ieet.
468 2990 527 3056 dio.
555 2989 606 3054 lib.
634 2988 734 3055 1⁷12.
761 2990 795 3071 5,
823 2986 868 3070 6.)
908 2986 971 3052 Est
997 2987 1083 3068 opud
1099 3025 1133 3075 ῃ

72 3079 247 3148 &monem
267 3099 332 3146 aon
352 3078 517 3144 mamaeae
538 3098 560 3142 o
576 3097 645 3143 vero
664 3077 745 3142 loom
761 3077 798 3142 io
815 3076 1081 3158 europalatem,

71 3189 151 3252 quoe
167 3167 294 3234 labetur
310 3187 333 3234 o
344 3167 445 3232 Furio
463 3170 569 3232 contro
585 3166 754 3230 iustitiam:
773 3162 909 3246 Quaero,
926 3163 1036 3244 inquit,
1053 3161 1082 3227 si

72 3259 137 3323 duo
153 3257 229 3341 sint,
244 3276 379 3341 quorum
394 3255 477 3321 alter
491 3253 634 3338 optimus
647 3253 707 3337 vir,
721 3251 944 3336 aequissimus,
954 3271 1081 3314 summa

34 3363 59 3405 eo
72 3345 211 3429 iustitia,
225 3344 384 3430 singulari
396 3343 468 3424 fide,
483 3343 566 3408 alter
579 3341 701 3427 insigni
715 3341 833 3405 seelera
848 3341 880 3404 et
891 3337 1033 3421 audacia,
1048 3340 1082 3402 et

73 3435 103 3501 si
126 3434 162 3500 in
185 3454 223 3500 eo
247 3433 290 3498 sit
309 3453 417 3498 errore
439 3431 563 3514 civitas,
585 3434 622 3495 ut
641 3431 762 3495 bonum
780 3427 874 3492 illum
892 3426 997 3492 virum
1017 3446 1082 3490 see·

71 3523 229 3606 leratum,
257 3521 488 3604 facinorosum,
514 3518 674 3584 nefarium
696 3519 803 3602 putet,
826 3518 941 3580 eontra
962 3517 1080 3598 autem,
