<?xml version="1.0" encoding="UTF-8"?>
<!DOCTYPE html PUBLIC "-//W3C//DTD XHTML 1.0 Transitional//EN"
    "http://www.w3.org/TR/xhtml1/DTD/xhtml1-transitional.dtd">
<html xmlns="http://www.w3.org/1999/xhtml" xml:lang="en" lang="en">
 <head>
  <title>
</title>
<meta http-equiv="Content-Type" content="text/html;charset=utf-8" />
  <meta name='ocr-system' content='tesseract 3.04.00' />
  <meta name='ocr-capabilities' content='ocr_page ocr_carea ocr_par ocr_line ocrx_word'/>
</head>
<body>
  <div class='ocr_page' id='page_1' title='image "./mtulliiciceroni03mlgoog_0257.png"; bbox 0 0 2458 3934; ppageno 0'>
   <div class='ocr_carea' id='block_1_1' title="bbox 157 185 817 256">
    <p class='ocr_par' dir='ltr' id='par_1_1' title="bbox 157 185 817 256">
     <span class='ocr_line' id='line_1_1' title="bbox 157 185 817 256; baseline 0 -16"><span class='ocrx_word' id='word_1_1' title='bbox 157 191 224 256; x_wconf 78' lang='lat'><strong>204</strong></span> <span class='ocrx_word' id='word_1_2' title='bbox 508 185 817 242; x_wconf 77' lang='lat' dir='ltr'><strong>oumvmcmoua</strong></span> 
     </span>
    </p>
   </div>
   <div class='ocr_carea' id='block_1_2' title="bbox 94 327 1208 3574">
    <p class='ocr_par' dir='ltr' id='par_1_2' title="bbox 94 327 1209 3574">
     <span class='ocr_line' id='line_1_2' title="bbox 157 327 1157 416; baseline -0.008 -18"><span class='ocrx_word' id='word_1_3' title='bbox 157 333 249 399; x_wconf 89' lang='lat' dir='ltr'><strong>Nihil</strong></span> <span class='ocrx_word' id='word_1_4' title='bbox 276 336 385 397; x_wconf 86' lang='lat' dir='ltr'><strong>autem</strong></span> <span class='ocrx_word' id='word_1_5' title='bbox 413 335 463 396; x_wconf 84' lang='lat' dir='ltr'><strong>cst</strong></span> <span class='ocrx_word' id='word_1_6' title='bbox 485 351 545 416; x_wconf 92' lang='lat' dir='ltr'><strong>pro</strong></span> <span class='ocrx_word' id='word_1_7' title='bbox 567 333 657 395; x_wconf 85' lang='lat' dir='ltr'><strong>certo</strong></span> <span class='ocrx_word' id='word_1_8' title='bbox 678 329 839 414; x_wconf 84' lang='lat' dir='ltr'><strong>futurum,</strong></span> <span class='ocrx_word' id='word_1_9' title='bbox 867 328 954 412; x_wconf 87' lang='lat' dir='ltr'><strong>quod</strong></span> <span class='ocrx_word' id='word_1_10' title='bbox 974 331 1083 414; x_wconf 85' lang='lat' dir='ltr'><strong>potest</strong></span> <span class='ocrx_word' id='word_1_11' title='bbox 1105 327 1157 394; x_wconf 90' lang='lat' dir='ltr'><strong>ali-</strong></span> 
     </span>
     <span class='ocr_line' id='line_1_3' title="bbox 94 418 1206 615; baseline -0.004 -43"><span class='ocrx_word' id='word_1_12' title='bbox 94 489 140 615; x_wconf 36' lang='grc' dir='ltr'><strong>ἐξ</strong></span> <span class='ocrx_word' id='word_1_13' title='bbox 158 418 638 594; x_wconf 50' lang='lat' dir='ltr'><strong>quarhhhhcgrgghnrieahetiilghi</strong></span> <span class='ocrx_word' id='word_1_14' title='bbox 658 418 791 589; x_wconf 55' lang='lat' dir='ltr'><strong>ppiffi</strong></span> <span class='ocrx_word' id='word_1_15' title='bbox 811 504 954 571; x_wconf 77' lang='lat' dir='ltr'><strong>arbitror</strong></span> <span class='ocrx_word' id='word_1_16' title='bbox 976 525 1047 569; x_wconf 88' lang='lat' dir='ltr'><strong>esse</strong></span> <span class='ocrx_word' id='word_1_17' title='bbox 1067 503 1158 570; x_wconf 89' lang='lat' dir='ltr'><strong>nobis</strong></span> <span class='ocrx_word' id='word_1_18' title='bbox 1205 498 1206 536; x_wconf 32' lang='grc' dir='ltr'>ἕ</span> 
     </span>
     <span class='ocr_line' id='line_1_4' title="bbox 157 591 1160 668; baseline -0.004 -7"><span class='ocrx_word' id='word_1_19' title='bbox 157 596 341 662; x_wconf 84' lang='lat' dir='ltr'><strong>futurarum</strong></span> <span class='ocrx_word' id='word_1_20' title='bbox 368 616 476 660; x_wconf 88' lang='lat' dir='ltr'><strong>rerum</strong></span> <span class='ocrx_word' id='word_1_21' title='bbox 503 594 680 658; x_wconf 85' lang='lat' dir='ltr'><strong>scientiam.</strong></span> <span class='ocrx_word' id='word_1_22' title='bbox 724 591 814 668; x_wconf 81' lang='lat' dir='ltr'><strong>Quae</strong></span> <span class='ocrx_word' id='word_1_23' title='bbox 841 593 927 658; x_wconf 89' lang='lat' dir='ltr'><strong>enim</strong></span> <span class='ocrx_word' id='word_1_24' title='bbox 954 592 1023 658; x_wconf 87' lang='lat' dir='ltr'><strong>vita</strong></span> <span class='ocrx_word' id='word_1_25' title='bbox 1048 591 1160 658; x_wconf 84' lang='lat' dir='ltr'><strong>fuisset</strong></span> 
     </span>
     <span class='ocr_line' id='line_1_5' title="bbox 158 681 1193 768; baseline -0.004 -20"><span class='ocrx_word' id='word_1_26' title='bbox 158 683 303 768; x_wconf 90' lang='lat' dir='ltr'><strong>Priamo,</strong></span> <span class='ocrx_word' id='word_1_27' title='bbox 332 683 361 747; x_wconf 91' lang='lat' dir='ltr'><strong>si</strong></span> <span class='ocrx_word' id='word_1_28' title='bbox 387 682 429 746; x_wconf 92' lang='lat' dir='ltr'><strong>ab</strong></span> <span class='ocrx_word' id='word_1_29' title='bbox 456 681 676 746; x_wconf 71' lang='lat' dir='ltr'><strong>adulescentia</strong></span> <span class='ocrx_word' id='word_1_30' title='bbox 697 681 826 764; x_wconf 85' lang='lat' dir='ltr'><strong>scisset,</strong></span> <span class='ocrx_word' id='word_1_31' title='bbox 855 701 937 764; x_wconf 90' lang='lat' dir='ltr'><strong>quos</strong></span> <span class='ocrx_word' id='word_1_32' title='bbox 960 683 1097 746; x_wconf 86' lang='lat' dir='ltr'><strong>eventus</strong></span> <span class='ocrx_word' id='word_1_33' title='bbox 1118 697 1193 744; x_wconf 66' lang='lat' dir='ltr'><strong>see</strong></span> 
     </span>
     <span class='ocr_line' id='line_1_6' title="bbox 157 768 1161 853; baseline -0.005 -16"><span class='ocrx_word' id='word_1_34' title='bbox 157 772 298 838; x_wconf 84' lang='lat' dir='ltr'><strong>nectutis</strong></span> <span class='ocrx_word' id='word_1_35' title='bbox 306 774 394 836; x_wconf 85' lang='lat' dir='ltr'><strong>essct</strong></span> <span class='ocrx_word' id='word_1_36' title='bbox 402 769 596 835; x_wconf 83' lang='lat' dir='ltr'><strong>habiturus?</strong></span> <span class='ocrx_word' id='word_1_37' title='bbox 610 769 777 834; x_wconf 88' lang='lat' dir='ltr'><strong>Abeamus</strong></span> <span class='ocrx_word' id='word_1_38' title='bbox 787 791 807 834; x_wconf 88' lang='lat' dir='ltr'><strong>a</strong></span> <span class='ocrx_word' id='word_1_39' title='bbox 817 768 948 852; x_wconf 87' lang='lat' dir='ltr'><strong>fabulis,</strong></span> <span class='ocrx_word' id='word_1_40' title='bbox 957 768 1113 853; x_wconf 87' lang='lat' dir='ltr'><strong>propiora</strong></span> <span class='ocrx_word' id='word_1_41' title='bbox 1120 768 1161 832; x_wconf 83' lang='lat' dir='ltr'><strong>vi·</strong></span> 
     </span>
     <span class='ocr_line' id='line_1_7' title="bbox 160 856 1161 942; baseline -0.007 -16"><span class='ocrx_word' id='word_1_42' title='bbox 160 861 300 926; x_wconf 84' lang='lat' dir='ltr'><strong>deamua</strong></span> <span class='ocrx_word' id='word_1_43' title='bbox 327 857 591 924; x_wconf 75' lang='lat' dir='ltr'><strong>Clarissimorum</strong></span> <span class='ocrx_word' id='word_1_44' title='bbox 605 856 774 922; x_wconf 90' lang='lat' dir='ltr'><strong>hominum</strong></span> <span class='ocrx_word' id='word_1_45' title='bbox 791 860 923 922; x_wconf 85' lang='lat' dir='ltr'><strong>nostrae</strong></span> <span class='ocrx_word' id='word_1_46' title='bbox 936 856 1081 924; x_wconf 84' lang='lat' dir='ltr'><strong>civitatis</strong></span> <span class='ocrx_word' id='word_1_47' title='bbox 1095 877 1161 942; x_wconf 77' lang='lat' dir='ltr'><strong>gra·</strong></span> 
     </span>
     <span class='ocr_line' id='line_1_8' title="bbox 158 942 1207 1030; baseline -0.006 -17"><span class='ocrx_word' id='word_1_48' title='bbox 158 949 310 1014; x_wconf 77' lang='lat' dir='ltr'><strong>vissimos</strong></span> <span class='ocrx_word' id='word_1_49' title='bbox 324 947 428 1012; x_wconf 82' lang='lat' dir='ltr'><strong>exitus</strong></span> <span class='ocrx_word' id='word_1_50' title='bbox 441 943 926 1030; x_wconf 81' lang='lat' dir='ltr'><strong>inOonsolationecollegimus.</strong></span> <span class='ocrx_word' id='word_1_51' title='bbox 949 942 1033 1019; x_wconf 81' lang='lat' dir='ltr'><strong>Quid</strong></span> <span class='ocrx_word' id='word_1_52' title='bbox 1043 943 1161 1030; x_wconf 78' lang='lat' dir='ltr'><strong>igitur?</strong></span> <span class='ocrx_word' id='word_1_53' title='bbox 1206 986 1207 1016; x_wconf 44' lang='lat' dir='ltr'><strong>l</strong></span> 
     </span>
     <span class='ocr_line' id='line_1_9' title="bbox 159 1031 1207 1119; baseline -0.006 -18"><span class='ocrx_word' id='word_1_54' title='bbox 159 1041 197 1101; x_wconf 92' lang='lat' dir='ltr'><strong>ut</strong></span> <span class='ocrx_word' id='word_1_55' title='bbox 219 1036 409 1102; x_wconf 87' lang='lat' dir='ltr'><strong>omittamus</strong></span> <span class='ocrx_word' id='word_1_56' title='bbox 432 1033 627 1119; x_wconf 86' lang='lat' dir='ltr'><strong>superiores,</strong></span> <span class='ocrx_word' id='word_1_57' title='bbox 648 1031 801 1098; x_wconf 76' lang='lat' dir='ltr'><strong>Marcone</strong></span> <span class='ocrx_word' id='word_1_58' title='bbox 823 1031 942 1098; x_wconf 75' lang='lat' dir='ltr'><strong>Crasso</strong></span> <span class='ocrx_word' id='word_1_59' title='bbox 965 1036 1064 1117; x_wconf 88' lang='lat' dir='ltr'><strong>putas</strong></span> <span class='ocrx_word' id='word_1_60' title='bbox 1086 1032 1161 1096; x_wconf 89' lang='lat' dir='ltr'><strong>utile</strong></span> <span class='ocrx_word' id='word_1_61' title='bbox 1206 1031 1207 1108; x_wconf 60' lang='lat' dir='ltr'><strong>l</strong></span> 
     </span>
     <span class='ocr_line' id='line_1_10' title="bbox 158 1117 1207 1208; baseline -0.007 -19"><span class='ocrx_word' id='word_1_62' title='bbox 158 1123 259 1189; x_wconf 84' lang='lat' dir='ltr'><strong>fuisse</strong></span> <span class='ocrx_word' id='word_1_63' title='bbox 281 1128 361 1208; x_wconf 89' lang='lat' dir='ltr'><strong>tum,</strong></span> <span class='ocrx_word' id='word_1_64' title='bbox 384 1143 457 1188; x_wconf 85' lang='lat' dir='ltr'><strong>cum</strong></span> <span class='ocrx_word' id='word_1_65' title='bbox 480 1121 639 1186; x_wconf 83' lang='lat' dir='ltr'><strong>maxumis</strong></span> <span class='ocrx_word' id='word_1_66' title='bbox 661 1120 778 1204; x_wconf 86' lang='lat' dir='ltr'><strong>opibus</strong></span> <span class='ocrx_word' id='word_1_67' title='bbox 795 1119 999 1204; x_wconf 82' lang='lat' dir='ltr'><strong>fortrmisquc</strong></span> <span class='ocrx_word' id='word_1_68' title='bbox 1019 1120 1162 1201; x_wconf 85' lang='lat' dir='ltr'><strong>florebat,</strong></span> <span class='ocrx_word' id='word_1_69' title='bbox 1174 1117 1207 1176; x_wconf 71' lang='grc' dir='ltr'><strong>ια’</strong></span> 
     </span>
     <span class='ocr_line' id='line_1_11' title="bbox 160 1208 1162 1292; baseline -0.002 -16"><span class='ocrx_word' id='word_1_70' title='bbox 160 1213 241 1277; x_wconf 84' lang='lat' dir='ltr'><strong>scire</strong></span> <span class='ocrx_word' id='word_1_71' title='bbox 260 1211 323 1275; x_wconf 86' lang='lat' dir='ltr'><strong>sibi</strong></span> <span class='ocrx_word' id='word_1_72' title='bbox 335 1209 506 1274; x_wconf 83' lang='lat' dir='ltr'><strong>interfecto</strong></span> <span class='ocrx_word' id='word_1_73' title='bbox 520 1208 637 1274; x_wconf 90' lang='lat' dir='ltr'><strong>Publio</strong></span> <span class='ocrx_word' id='word_1_74' title='bbox 650 1209 720 1273; x_wconf 89' lang='lat' dir='ltr'><strong>filio</strong></span> <span class='ocrx_word' id='word_1_75' title='bbox 734 1208 940 1292; x_wconf 76' lang='lat' dir='ltr'><strong>exercituque</strong></span> <span class='ocrx_word' id='word_1_76' title='bbox 953 1208 1063 1274; x_wconf 85' lang='lat' dir='ltr'><strong>deleto</strong></span> <span class='ocrx_word' id='word_1_77' title='bbox 1076 1212 1162 1274; x_wconf 87' lang='lat' dir='ltr'><strong>tram</strong></span> 
     </span>
     <span class='ocr_line' id='line_1_12' title="bbox 158 1295 1161 1384; baseline -0.004 -21"><span class='ocrx_word' id='word_1_78' title='bbox 158 1299 361 1384; x_wconf 81' lang='lat' dir='ltr'><strong>Euphratem</strong></span> <span class='ocrx_word' id='word_1_79' title='bbox 374 1319 447 1362; x_wconf 91' lang='lat' dir='ltr'><strong>oum</strong></span> <span class='ocrx_word' id='word_1_80' title='bbox 460 1297 640 1382; x_wconf 77' lang='lat' dir='ltr'><strong>ignominia</strong></span> <span class='ocrx_word' id='word_1_81' title='bbox 653 1299 686 1360; x_wconf 88' lang='lat' dir='ltr'><strong>et</strong></span> <span class='ocrx_word' id='word_1_82' title='bbox 700 1296 853 1362; x_wconf 83' lang='lat' dir='ltr'><strong>dedecore</strong></span> <span class='ocrx_word' id='word_1_83' title='bbox 865 1317 936 1361; x_wconf 88' lang='lat' dir='ltr'><strong>esse</strong></span> <span class='ocrx_word' id='word_1_84' title='bbox 945 1295 1161 1381; x_wconf 80' lang='lat' dir='ltr'><strong>pereundum?</strong></span> 
     </span>
     <span class='ocr_line' id='line_1_13' title="bbox 160 1384 1161 1469; baseline -0.006 -17"><span class='ocrx_word' id='word_1_85' title='bbox 160 1388 214 1452; x_wconf 84' lang='lat' dir='ltr'><strong>An</strong></span> <span class='ocrx_word' id='word_1_86' title='bbox 223 1384 281 1450; x_wconf 79' lang='lat' dir='ltr'><strong>On.</strong></span> <span class='ocrx_word' id='word_1_87' title='bbox 287 1384 477 1469; x_wconf 90' lang='lat' dir='ltr'><strong>Pompeium</strong></span> <span class='ocrx_word' id='word_1_88' title='bbox 490 1405 602 1450; x_wconf 79' lang='lat' dir='ltr'><strong>censes</strong></span> <span class='ocrx_word' id='word_1_89' title='bbox 616 1384 721 1448; x_wconf 89' lang='lat' dir='ltr'><strong>tribus</strong></span> <span class='ocrx_word' id='word_1_90' title='bbox 736 1385 803 1448; x_wconf 90' lang='lat' dir='ltr'><strong>suis</strong></span> <span class='ocrx_word' id='word_1_91' title='bbox 817 1384 1161 1469; x_wconf 73' lang='lat' dir='ltr'><strong>consulatibuS,tribus</strong></span> 
     </span>
     <span class='ocr_line' id='line_1_14' title="bbox 159 1471 1208 1558; baseline -0.003 -19"><span class='ocrx_word' id='word_1_92' title='bbox 159 1473 344 1558; x_wconf 83' lang='lat' dir='ltr'><strong>triumphis,</strong></span> <span class='ocrx_word' id='word_1_93' title='bbox 362 1471 576 1538; x_wconf 83' lang='lat' dir='ltr'><strong>maximarum</strong></span> <span class='ocrx_word' id='word_1_94' title='bbox 594 1493 702 1537; x_wconf 85' lang='lat' dir='ltr'><strong>rerum</strong></span> <span class='ocrx_word' id='word_1_95' title='bbox 721 1472 827 1558; x_wconf 83' lang='lat' dir='ltr'><strong>gloria</strong></span> <span class='ocrx_word' id='word_1_96' title='bbox 844 1472 1047 1538; x_wconf 86' lang='lat' dir='ltr'><strong>laetaturum</strong></span> <span class='ocrx_word' id='word_1_97' title='bbox 1059 1471 1161 1554; x_wconf 81' lang='lat' dir='ltr'><strong>fuisse,</strong></span> <span class='ocrx_word' id='word_1_98' title='bbox 1207 1474 1208 1536; x_wconf 88' lang='lat' dir='ltr'><strong>l</strong></span> 
     </span>
     <span class='ocr_line' id='line_1_15' title="bbox 161 1543 1208 1645; baseline -0.005 -18"><span class='ocrx_word' id='word_1_99' title='bbox 161 1563 190 1627; x_wconf 91' lang='lat' dir='ltr'><strong>si</strong></span> <span class='ocrx_word' id='word_1_100' title='bbox 215 1562 312 1627; x_wconf 82' lang='lat' dir='ltr'><strong>sciret</strong></span> <span class='ocrx_word' id='word_1_101' title='bbox 335 1581 369 1625; x_wconf 86' lang='lat' dir='ltr'><strong>se</strong></span> <span class='ocrx_word' id='word_1_102' title='bbox 390 1560 426 1624; x_wconf 88' lang='lat' dir='ltr'><strong>in</strong></span> <span class='ocrx_word' id='word_1_103' title='bbox 448 1560 622 1625; x_wconf 88' lang='lat' dir='ltr'><strong>solitudine</strong></span> <span class='ocrx_word' id='word_1_104' title='bbox 644 1558 883 1645; x_wconf 81' lang='lat' dir='ltr'><strong>Aegyptiorum</strong></span> <span class='ocrx_word' id='word_1_105' title='bbox 904 1559 1106 1626; x_wconf 87' lang='lat' dir='ltr'><strong>trucidatum</strong></span> <span class='ocrx_word' id='word_1_106' title='bbox 1126 1559 1160 1622; x_wconf 87' lang='lat' dir='ltr'><strong>in&#39;</strong></span> <span class='ocrx_word' id='word_1_107' title='bbox 1173 1543 1208 1614; x_wconf 58' lang='lat'><strong>1⁵¹</strong></span> 
     </span>
     <span class='ocr_line' id='line_1_16' title="bbox 161 1648 1161 1732; baseline -0.003 -17"><span class='ocrx_word' id='word_1_108' title='bbox 161 1650 281 1716; x_wconf 88' lang='lat' dir='ltr'><strong>amisso</strong></span> <span class='ocrx_word' id='word_1_109' title='bbox 313 1648 469 1732; x_wconf 89' lang='lat' dir='ltr'><strong>exercitu,</strong></span> <span class='ocrx_word' id='word_1_110' title='bbox 500 1652 576 1732; x_wconf 89' lang='lat' dir='ltr'><strong>post</strong></span> <span class='ocrx_word' id='word_1_111' title='bbox 607 1651 744 1714; x_wconf 88' lang='lat' dir='ltr'><strong>mortem</strong></span> <span class='ocrx_word' id='word_1_112' title='bbox 776 1669 853 1712; x_wconf 86' lang='lat' dir='ltr'><strong>vero</strong></span> <span class='ocrx_word' id='word_1_113' title='bbox 881 1669 921 1714; x_wconf 91' lang='lat' dir='ltr'><strong>ea</strong></span> <span class='ocrx_word' id='word_1_114' title='bbox 947 1653 1161 1729; x_wconf 83' lang='lat' dir='ltr'><strong>consecutura,</strong></span> 
     </span>
     <span class='ocr_line' id='line_1_17' title="bbox 107 1734 1161 1823; baseline -0.002 -24"><span class='ocrx_word' id='word_1_115' title='bbox 107 1751 141 1800; x_wconf 81' lang='lat'><strong>23</strong></span> <span class='ocrx_word' id='word_1_116' title='bbox 160 1759 242 1823; x_wconf 86' lang='lat' dir='ltr'><strong>quae</strong></span> <span class='ocrx_word' id='word_1_117' title='bbox 270 1737 340 1802; x_wconf 87' lang='lat' dir='ltr'><strong>sine</strong></span> <span class='ocrx_word' id='word_1_118' title='bbox 366 1735 508 1802; x_wconf 83' lang='lat' dir='ltr'><strong>lacrimis</strong></span> <span class='ocrx_word' id='word_1_119' title='bbox 536 1758 602 1801; x_wconf 89' lang='lat' dir='ltr'><strong>non</strong></span> <span class='ocrx_word' id='word_1_120' title='bbox 623 1757 795 1820; x_wconf 87' lang='lat' dir='ltr'><strong>possumus</strong></span> <span class='ocrx_word' id='word_1_121' title='bbox 818 1736 946 1802; x_wconf 83' lang='lat' dir='ltr'><strong>dicere?</strong></span> <span class='ocrx_word' id='word_1_122' title='bbox 983 1734 1070 1812; x_wconf 82' lang='lat' dir='ltr'><strong>Quid</strong></span> <span class='ocrx_word' id='word_1_123' title='bbox 1091 1755 1161 1802; x_wconf 77' lang='lat' dir='ltr'><strong>vcro</strong></span> 
     </span>
     <span class='ocr_line' id='line_1_18' title="bbox 161 1823 1161 1909; baseline -0.004 -17"><span class='ocrx_word' id='word_1_124' title='bbox 161 1825 333 1892; x_wconf 81' lang='lat' dir='ltr'><strong>Gaesarem</strong></span> <span class='ocrx_word' id='word_1_125' title='bbox 354 1828 517 1909; x_wconf 87' lang='lat' dir='ltr'><strong>putamus,</strong></span> <span class='ocrx_word' id='word_1_126' title='bbox 539 1823 568 1888; x_wconf 90' lang='lat' dir='ltr'><strong>si</strong></span> <span class='ocrx_word' id='word_1_127' title='bbox 590 1823 768 1890; x_wconf 87' lang='lat' dir='ltr'><strong>divinasset</strong></span> <span class='ocrx_word' id='word_1_128' title='bbox 789 1823 859 1888; x_wconf 88' lang='lat' dir='ltr'><strong>fore</strong></span> <span class='ocrx_word' id='word_1_129' title='bbox 877 1828 915 1888; x_wconf 91' lang='lat' dir='ltr'><strong>ut</strong></span> <span class='ocrx_word' id='word_1_130' title='bbox 932 1824 968 1889; x_wconf 91' lang='lat' dir='ltr'><strong>in</strong></span> <span class='ocrx_word' id='word_1_131' title='bbox 984 1845 1023 1890; x_wconf 87' lang='lat' dir='ltr'><strong>eo</strong></span> <span class='ocrx_word' id='word_1_132' title='bbox 1044 1828 1161 1906; x_wconf 87' lang='lat' dir='ltr'><strong>senatu,</strong></span> 
     </span>
     <span class='ocr_line' id='line_1_19' title="bbox 161 1911 1161 1998; baseline -0.002 -20"><span class='ocrx_word' id='word_1_133' title='bbox 161 1935 256 1998; x_wconf 86' lang='lat' dir='ltr'><strong>quem</strong></span> <span class='ocrx_word' id='word_1_134' title='bbox 278 1912 401 1977; x_wconf 88' lang='lat' dir='ltr'><strong>maiore</strong></span> <span class='ocrx_word' id='word_1_135' title='bbox 423 1933 462 1976; x_wconf 88' lang='lat' dir='ltr'><strong>ex</strong></span> <span class='ocrx_word' id='word_1_136' title='bbox 484 1915 578 1996; x_wconf 87' lang='lat' dir='ltr'><strong>parte</strong></span> <span class='ocrx_word' id='word_1_137' title='bbox 600 1911 670 1995; x_wconf 86' lang='lat' dir='ltr'><strong>ipse</strong></span> <span class='ocrx_word' id='word_1_138' title='bbox 693 1915 887 1996; x_wconf 87' lang='lat' dir='ltr'><strong>cooptasset,</strong></span> <span class='ocrx_word' id='word_1_139' title='bbox 909 1912 946 1977; x_wconf 91' lang='lat' dir='ltr'><strong>in</strong></span> <span class='ocrx_word' id='word_1_140' title='bbox 964 1913 1057 1978; x_wconf 84' lang='lat' dir='ltr'><strong>ouria</strong></span> <span class='ocrx_word' id='word_1_141' title='bbox 1075 1913 1161 1978; x_wconf 91' lang='lat' dir='ltr'><strong>Pom-</strong></span> 
     </span>
     <span class='ocr_line' id='line_1_20' title="bbox 160 1998 1190 2086; baseline -0.002 -20"><span class='ocrx_word' id='word_1_142' title='bbox 160 2001 234 2086; x_wconf 90' lang='lat' dir='ltr'><strong>peia</strong></span> <span class='ocrx_word' id='word_1_143' title='bbox 261 2003 337 2065; x_wconf 88' lang='lat' dir='ltr'><strong>ante</strong></span> <span class='ocrx_word' id='word_1_144' title='bbox 363 1999 466 2084; x_wconf 85' lang='lat' dir='ltr'><strong>ipsius</strong></span> <span class='ocrx_word' id='word_1_145' title='bbox 489 1998 635 2084; x_wconf 90' lang='lat' dir='ltr'><strong>Pompeii</strong></span> <span class='ocrx_word' id='word_1_146' title='bbox 663 1998 872 2064; x_wconf 87' lang='lat' dir='ltr'><strong>simulacrum</strong></span> <span class='ocrx_word' id='word_1_147' title='bbox 898 2003 951 2065; x_wconf 89' lang='lat' dir='ltr'><strong>tot</strong></span> <span class='ocrx_word' id='word_1_148' title='bbox 973 2000 1190 2067; x_wconf 77' lang='lat' dir='ltr'><strong>centurioni-c</strong></span> 
     </span>
     <span class='ocr_line' id='line_1_21' title="bbox 160 2086 1161 2174; baseline -0.003 -21"><span class='ocrx_word' id='word_1_149' title='bbox 160 2089 222 2153; x_wconf 92' lang='lat' dir='ltr'><strong>bus</strong></span> <span class='ocrx_word' id='word_1_150' title='bbox 245 2087 312 2152; x_wconf 93' lang='lat' dir='ltr'><strong>suis</strong></span> <span class='ocrx_word' id='word_1_151' title='bbox 334 2086 591 2172; x_wconf 87' lang='lat' dir='ltr'><strong>inspectantibus</strong></span> <span class='ocrx_word' id='word_1_152' title='bbox 610 2109 630 2152; x_wconf 87' lang='lat' dir='ltr'><strong>a</strong></span> <span class='ocrx_word' id='word_1_153' title='bbox 646 2087 869 2152; x_wconf 88' lang='lat' dir='ltr'><strong>nobilissumis</strong></span> <span class='ocrx_word' id='word_1_154' title='bbox 887 2087 1022 2172; x_wconf 86' lang='lat' dir='ltr'><strong>civibus,</strong></span> <span class='ocrx_word' id='word_1_155' title='bbox 1045 2088 1161 2174; x_wconf 89' lang='lat' dir='ltr'><strong>partim</strong></span> 
     </span>
     <span class='ocr_line' id='line_1_22' title="bbox 161 2175 1161 2258; baseline 0.002 -18"><span class='ocrx_word' id='word_1_156' title='bbox 161 2176 260 2240; x_wconf 86' lang='lat' dir='ltr'><strong>etiam</strong></span> <span class='ocrx_word' id='word_1_157' title='bbox 283 2197 303 2240; x_wconf 86' lang='lat' dir='ltr'><strong>a</strong></span> <span class='ocrx_word' id='word_1_158' title='bbox 325 2196 360 2239; x_wconf 88' lang='lat' dir='ltr'><strong>se</strong></span> <span class='ocrx_word' id='word_1_159' title='bbox 382 2175 532 2240; x_wconf 92' lang='lat' dir='ltr'><strong>omnibus</strong></span> <span class='ocrx_word' id='word_1_160' title='bbox 550 2175 648 2239; x_wconf 90' lang='lat' dir='ltr'><strong>rebus</strong></span> <span class='ocrx_word' id='word_1_161' title='bbox 666 2175 799 2258; x_wconf 89' lang='lat' dir='ltr'><strong>ornatis,</strong></span> <span class='ocrx_word' id='word_1_162' title='bbox 820 2176 1002 2240; x_wconf 88' lang='lat' dir='ltr'><strong>trucidatus</strong></span> <span class='ocrx_word' id='word_1_163' title='bbox 1018 2177 1072 2242; x_wconf 84' lang='lat' dir='ltr'><strong>ita</strong></span> <span class='ocrx_word' id='word_1_164' title='bbox 1088 2177 1161 2242; x_wconf 76' lang='lat' dir='ltr'><strong>iace</strong></span> 
     </span>
     <span class='ocr_line' id='line_1_23' title="bbox 160 2262 1161 2348; baseline -0.001 -21"><span class='ocrx_word' id='word_1_165' title='bbox 160 2266 226 2347; x_wconf 89' lang='lat' dir='ltr'><strong>ret,</strong></span> <span class='ocrx_word' id='word_1_166' title='bbox 254 2266 292 2326; x_wconf 90' lang='lat' dir='ltr'><strong>ut</strong></span> <span class='ocrx_word' id='word_1_167' title='bbox 319 2262 360 2326; x_wconf 88' lang='lat' dir='ltr'><strong>ad</strong></span> <span class='ocrx_word' id='word_1_168' title='bbox 390 2262 457 2328; x_wconf 90' lang='lat' dir='ltr'><strong>eius</strong></span> <span class='ocrx_word' id='word_1_169' title='bbox 481 2283 598 2346; x_wconf 90' lang='lat' dir='ltr'><strong>corpus</strong></span> <span class='ocrx_word' id='word_1_170' title='bbox 619 2283 685 2327; x_wconf 91' lang='lat' dir='ltr'><strong>non</strong></span> <span class='ocrx_word' id='word_1_171' title='bbox 707 2263 803 2328; x_wconf 94' lang='lat' dir='ltr'><strong>modo</strong></span> <span class='ocrx_word' id='word_1_172' title='bbox 827 2263 1018 2348; x_wconf 90' lang='lat' dir='ltr'><strong>amicorum,</strong></span> <span class='ocrx_word' id='word_1_173' title='bbox 1048 2265 1106 2330; x_wconf 87' lang='lat' dir='ltr'><strong>sed</strong></span> <span class='ocrx_word' id='word_1_174' title='bbox 1125 2281 1161 2328; x_wconf 91' lang='lat' dir='ltr'><strong>ne</strong></span> 
     </span>
     <span class='ocr_line' id='line_1_24' title="bbox 162 2350 1160 2436; baseline -0.002 -20"><span class='ocrx_word' id='word_1_175' title='bbox 162 2372 328 2416; x_wconf 87' lang='lat' dir='ltr'><strong>servorum</strong></span> <span class='ocrx_word' id='word_1_176' title='bbox 360 2350 489 2434; x_wconf 90' lang='lat' dir='ltr'><strong>quidem</strong></span> <span class='ocrx_word' id='word_1_177' title='bbox 521 2350 692 2434; x_wconf 90' lang='lat' dir='ltr'><strong>quisquam</strong></span> <span class='ocrx_word' id='word_1_178' title='bbox 722 2351 898 2436; x_wconf 87' lang='lat' dir='ltr'><strong>accederet,</strong></span> <span class='ocrx_word' id='word_1_179' title='bbox 931 2373 994 2436; x_wconf 88' lang='lat' dir='ltr'><strong>quo</strong></span> <span class='ocrx_word' id='word_1_180' title='bbox 1022 2353 1160 2418; x_wconf 89' lang='lat' dir='ltr'><strong>cruciatu</strong></span> 
     </span>
     <span class='ocr_line' id='line_1_25' title="bbox 161 2436 1190 2526; baseline -0.004 -21"><span class='ocrx_word' id='word_1_181' title='bbox 161 2439 261 2505; x_wconf 86' lang='lat' dir='ltr'><strong>animi</strong></span> <span class='ocrx_word' id='word_1_182' title='bbox 289 2438 392 2504; x_wconf 83' lang='lat' dir='ltr'><strong>vitam</strong></span> <span class='ocrx_word' id='word_1_183' title='bbox 419 2441 566 2504; x_wconf 89' lang='lat' dir='ltr'><strong>acturum</strong></span> <span class='ocrx_word' id='word_1_184' title='bbox 592 2438 714 2504; x_wconf 80' lang='lat' dir='ltr'><strong>brisso?</strong></span> <span class='ocrx_word' id='word_1_185' title='bbox 750 2436 846 2504; x_wconf 72' lang='lat' dir='ltr'><strong>(terte</strong></span> <span class='ocrx_word' id='word_1_186' title='bbox 872 2439 975 2525; x_wconf 80' lang='lat' dir='ltr'><strong>igitur</strong></span> <span class='ocrx_word' id='word_1_187' title='bbox 1000 2439 1190 2526; x_wconf 67' lang='lat' dir='ltr'><strong>ignoratos</strong></span> 
     </span>
     <span class='ocr_line' id='line_1_26' title="bbox 109 2525 1160 2611; baseline 0.003 -24"><span class='ocrx_word' id='word_1_188' title='bbox 109 2539 143 2588; x_wconf 77' lang='lat'><strong>24</strong></span> <span class='ocrx_word' id='word_1_189' title='bbox 161 2525 344 2593; x_wconf 78' lang='lat' dir='ltr'><strong>futurorum</strong></span> <span class='ocrx_word' id='word_1_190' title='bbox 370 2527 531 2591; x_wconf 86' lang='lat' dir='ltr'><strong>malorum</strong></span> <span class='ocrx_word' id='word_1_191' title='bbox 558 2526 671 2592; x_wconf 89' lang='lat' dir='ltr'><strong>utilior</strong></span> <span class='ocrx_word' id='word_1_192' title='bbox 697 2530 748 2590; x_wconf 81' lang='lat' dir='ltr'><strong>est</strong></span> <span class='ocrx_word' id='word_1_193' title='bbox 770 2549 868 2611; x_wconf 91' lang='lat' dir='ltr'><strong>quam</strong></span> <span class='ocrx_word' id='word_1_194' title='bbox 890 2527 1033 2593; x_wconf 86' lang='lat' dir='ltr'><strong>scicntia.</strong></span> <span class='ocrx_word' id='word_1_195' title='bbox 1081 2527 1160 2594; x_wconf 91' lang='lat' dir='ltr'><strong>Nam</strong></span> 
     </span>
     <span class='ocr_line' id='line_1_27' title="bbox 160 2611 1159 2699; baseline -0.002 -20"><span class='ocrx_word' id='word_1_196' title='bbox 160 2615 242 2680; x_wconf 92' lang='lat' dir='ltr'><strong>illud</strong></span> <span class='ocrx_word' id='word_1_197' title='bbox 269 2611 398 2699; x_wconf 91' lang='lat' dir='ltr'><strong>quidem</strong></span> <span class='ocrx_word' id='word_1_198' title='bbox 427 2614 503 2696; x_wconf 91' lang='lat' dir='ltr'><strong>dici,</strong></span> <span class='ocrx_word' id='word_1_199' title='bbox 530 2615 721 2698; x_wconf 83' lang='lat' dir='ltr'><strong>pracsertim</strong></span> <span class='ocrx_word' id='word_1_200' title='bbox 749 2636 769 2679; x_wconf 87' lang='lat' dir='ltr'><strong>a</strong></span> <span class='ocrx_word' id='word_1_201' title='bbox 791 2612 923 2699; x_wconf 84' lang='lat' dir='ltr'><strong>Stoicis,</strong></span> <span class='ocrx_word' id='word_1_202' title='bbox 948 2616 1040 2681; x_wconf 90' lang='lat' dir='ltr'><strong>nullo</strong></span> <span class='ocrx_word' id='word_1_203' title='bbox 1070 2615 1159 2682; x_wconf 90' lang='lat' dir='ltr'><strong>modo</strong></span> 
     </span>
     <span class='ocr_line' id='line_1_28' title="bbox 204 2701 1160 2787; baseline -0.002 -21"><span class='ocrx_word' id='word_1_204' title='bbox 204 2705 283 2766; x_wconf 87' lang='lat' dir='ltr'><strong>test:</strong></span> <span class='ocrx_word' id='word_1_205' title='bbox 311 2701 387 2767; x_wconf 88' lang='lat' dir='ltr'><strong>Non</strong></span> <span class='ocrx_word' id='word_1_206' title='bbox 413 2701 493 2766; x_wconf 88' lang='lat' dir='ltr'><strong>isset</strong></span> <span class='ocrx_word' id='word_1_207' title='bbox 515 2702 556 2766; x_wconf 84' lang='lat' dir='ltr'><strong>ad</strong></span> <span class='ocrx_word' id='word_1_208' title='bbox 579 2723 671 2767; x_wconf 86' lang='lat' dir='ltr'><strong>arma</strong></span> <span class='ocrx_word' id='word_1_209' title='bbox 691 2701 878 2787; x_wconf 90' lang='lat' dir='ltr'><strong>Pompeius,</strong></span> <span class='ocrx_word' id='word_1_210' title='bbox 904 2725 971 2769; x_wconf 90' lang='lat' dir='ltr'><strong>non</strong></span> <span class='ocrx_word' id='word_1_211' title='bbox 991 2705 1160 2770; x_wconf 82' lang='lat' dir='ltr'><strong>transisset</strong></span> 
     </span>
     <span class='ocr_line' id='line_1_29' title="bbox 161 2724 1159 2874; baseline -0.002 -20"><span class='ocrx_word' id='word_1_212' title='bbox 161 2724 298 2855; x_wconf 50' lang='lat' dir='ltr'><strong>&amp;assus</strong></span> <span class='ocrx_word' id='word_1_213' title='bbox 332 2789 547 2874; x_wconf 81' lang='lat' dir='ltr'><strong>Euphratem,</strong></span> <span class='ocrx_word' id='word_1_214' title='bbox 581 2811 648 2854; x_wconf 90' lang='lat' dir='ltr'><strong>non</strong></span> <span class='ocrx_word' id='word_1_215' title='bbox 683 2790 876 2874; x_wconf 87' lang='lat' dir='ltr'><strong>suscepisset</strong></span> <span class='ocrx_word' id='word_1_216' title='bbox 911 2791 1035 2858; x_wconf 90' lang='lat' dir='ltr'><strong>bellum</strong></span> <span class='ocrx_word' id='word_1_217' title='bbox 1072 2791 1159 2858; x_wconf 86' lang='lat' dir='ltr'><strong>civile</strong></span> 
     </span>
     <span class='ocr_line' id='line_1_30' title="bbox 162 2875 1189 2963; baseline 0 -23"><span class='ocrx_word' id='word_1_218' title='bbox 162 2875 290 2941; x_wconf 75' lang='lat' dir='ltr'><strong>Caesar.</strong></span> <span class='ocrx_word' id='word_1_219' title='bbox 334 2875 410 2940; x_wconf 92' lang='lat' dir='ltr'><strong>Non</strong></span> <span class='ocrx_word' id='word_1_220' title='bbox 435 2877 539 2963; x_wconf 81' lang='lat' dir='ltr'><strong>igitur</strong></span> <span class='ocrx_word' id='word_1_221' title='bbox 564 2876 676 2942; x_wconf 84' lang='lat' dir='ltr'><strong>fatalis</strong></span> <span class='ocrx_word' id='word_1_222' title='bbox 706 2877 811 2942; x_wconf 90' lang='lat' dir='ltr'><strong>exitus</strong></span> <span class='ocrx_word' id='word_1_223' title='bbox 838 2878 1036 2963; x_wconf 89' lang='lat' dir='ltr'><strong>habuerunt;</strong></span> <span class='ocrx_word' id='word_1_224' title='bbox 1064 2878 1189 2946; x_wconf 69' lang='lat' dir='ltr'><strong>vuaso</strong></span> 
     </span>
     <span class='ocr_line' id='line_1_31' title="bbox 163 2963 1159 3052; baseline -0.001 -23"><span class='ocrx_word' id='word_1_225' title='bbox 163 2967 273 3029; x_wconf 86' lang='lat' dir='ltr'><strong>autem</strong></span> <span class='ocrx_word' id='word_1_226' title='bbox 299 2963 425 3028; x_wconf 86' lang='lat' dir='ltr'><strong>evenire</strong></span> <span class='ocrx_word' id='word_1_227' title='bbox 453 2965 563 3030; x_wconf 87' lang='lat' dir='ltr'><strong>omnia</strong></span> <span class='ocrx_word' id='word_1_228' title='bbox 583 2964 667 3049; x_wconf 70' lang='lat' dir='ltr'><strong>fato,</strong></span> <span class='ocrx_word' id='word_1_229' title='bbox 692 2965 775 3030; x_wconf 93' lang='lat' dir='ltr'><strong>nihil</strong></span> <span class='ocrx_word' id='word_1_230' title='bbox 798 2987 876 3052; x_wconf 78' lang='lat' dir='ltr'><strong>crgo</strong></span> <span class='ocrx_word' id='word_1_231' title='bbox 898 2966 967 3032; x_wconf 90' lang='lat' dir='ltr'><strong>illis</strong></span> <span class='ocrx_word' id='word_1_232' title='bbox 988 2967 1159 3052; x_wconf 84' lang='lat' dir='ltr'><strong>profuisset</strong></span> 
     </span>
     <span class='ocr_line' id='line_1_32' title="bbox 163 3051 1158 3141; baseline 0.002 -24"><span class='ocrx_word' id='word_1_233' title='bbox 163 3051 320 3134; x_wconf 80' lang='lat' dir='ltr'><strong>divinare3</strong></span> <span class='ocrx_word' id='word_1_234' title='bbox 343 3054 441 3134; x_wconf 88' lang='lat' dir='ltr'><strong>atque</strong></span> <span class='ocrx_word' id='word_1_235' title='bbox 462 3053 561 3118; x_wconf 88' lang='lat' dir='ltr'><strong>etiam</strong></span> <span class='ocrx_word' id='word_1_236' title='bbox 579 3074 707 3118; x_wconf 86' lang='lat' dir='ltr'><strong>omnem</strong></span> <span class='ocrx_word' id='word_1_237' title='bbox 724 3052 867 3119; x_wconf 85' lang='lat' dir='ltr'><strong>fructum</strong></span> <span class='ocrx_word' id='word_1_238' title='bbox 884 3055 971 3120; x_wconf 85' lang='lat' dir='ltr'><strong>vitae</strong></span> <span class='ocrx_word' id='word_1_239' title='bbox 989 3054 1158 3141; x_wconf 83' lang='lat' dir='ltr'><strong>superioris</strong></span> 
     </span>
     <span class='ocr_line' id='line_1_33' title="bbox 162 3138 1157 3226; baseline 0.001 -22"><span class='ocrx_word' id='word_1_240' title='bbox 162 3138 393 3226; x_wconf 81' lang='lat' dir='ltr'><strong>perdidissent3</strong></span> <span class='ocrx_word' id='word_1_241' title='bbox 416 3139 494 3223; x_wconf 90' lang='lat' dir='ltr'><strong>quid</strong></span> <span class='ocrx_word' id='word_1_242' title='bbox 516 3140 602 3205; x_wconf 90' lang='lat' dir='ltr'><strong>enim</strong></span> <span class='ocrx_word' id='word_1_243' title='bbox 623 3145 735 3226; x_wconf 88' lang='lat' dir='ltr'><strong>posset</strong></span> <span class='ocrx_word' id='word_1_244' title='bbox 757 3141 798 3206; x_wconf 91' lang='lat' dir='ltr'><strong>iis</strong></span> <span class='ocrx_word' id='word_1_245' title='bbox 821 3163 891 3208; x_wconf 86' lang='lat' dir='ltr'><strong>esse</strong></span> <span class='ocrx_word' id='word_1_246' title='bbox 913 3142 1037 3208; x_wconf 87' lang='lat' dir='ltr'><strong>laetum</strong></span> <span class='ocrx_word' id='word_1_247' title='bbox 1060 3144 1157 3209; x_wconf 85' lang='lat' dir='ltr'><strong>exitus</strong></span> 
     </span>
     <span class='ocr_line' id='line_1_34' title="bbox 163 3226 1156 3313; baseline 0.001 -21"><span class='ocrx_word' id='word_1_248' title='bbox 163 3248 239 3293; x_wconf 88' lang='lat' dir='ltr'><strong>suos</strong></span> <span class='ocrx_word' id='word_1_249' title='bbox 262 3226 505 3313; x_wconf 79' lang='lat' dir='ltr'><strong>cogitantibus?</strong></span> <span class='ocrx_word' id='word_1_250' title='bbox 541 3227 608 3312; x_wconf 90' lang='lat' dir='ltr'><strong>Ita,</strong></span> <span class='ocrx_word' id='word_1_251' title='bbox 631 3250 760 3313; x_wconf 91' lang='lat' dir='ltr'><strong>quoquo</strong></span> <span class='ocrx_word' id='word_1_252' title='bbox 784 3251 853 3294; x_wconf 84' lang='lat' dir='ltr'><strong>sese</strong></span> <span class='ocrx_word' id='word_1_253' title='bbox 875 3230 1032 3296; x_wconf 79' lang='lat' dir='ltr'><strong>verterint</strong></span> <span class='ocrx_word' id='word_1_254' title='bbox 1055 3228 1156 3310; x_wconf 83' lang='lat' dir='ltr'><strong>Stoici,</strong></span> 
     </span>
     <span class='ocr_line' id='line_1_35' title="bbox 161 3315 1188 3397; baseline -0.001 -17"><span class='ocrx_word' id='word_1_255' title='bbox 161 3315 267 3380; x_wconf 86' lang='lat' dir='ltr'><strong>iaceat</strong></span> <span class='ocrx_word' id='word_1_256' title='bbox 288 3335 417 3379; x_wconf 86' lang='lat' dir='ltr'><strong>necesse</strong></span> <span class='ocrx_word' id='word_1_257' title='bbox 440 3319 491 3378; x_wconf 92' lang='lat' dir='ltr'><strong>est</strong></span> <span class='ocrx_word' id='word_1_258' title='bbox 513 3316 617 3380; x_wconf 93' lang='lat' dir='ltr'><strong>omnis</strong></span> <span class='ocrx_word' id='word_1_259' title='bbox 641 3337 752 3382; x_wconf 87' lang='lat' dir='ltr'><strong>eorum</strong></span> <span class='ocrx_word' id='word_1_260' title='bbox 775 3318 929 3384; x_wconf 84' lang='lat' dir='ltr'><strong>sollertia.</strong></span> <span class='ocrx_word' id='word_1_261' title='bbox 966 3316 1001 3384; x_wconf 79' lang='lat' dir='ltr'><strong>si</strong></span> <span class='ocrx_word' id='word_1_262' title='bbox 1018 3320 1103 3384; x_wconf 87' lang='lat' dir='ltr'><strong>enim</strong></span> <span class='ocrx_word' id='word_1_263' title='bbox 1119 3315 1188 3397; x_wconf 67' lang='lat' dir='ltr'><strong>ide</strong></span> 
     </span>
     <span class='ocr_line' id='line_1_36' title="bbox 164 3401 1157 3490; baseline -0.001 -24"><span class='ocrx_word' id='word_1_264' title='bbox 164 3401 249 3484; x_wconf 87' lang='lat' dir='ltr'><strong>quod</strong></span> <span class='ocrx_word' id='word_1_265' title='bbox 281 3405 470 3467; x_wconf 88' lang='lat' dir='ltr'><strong>eventurum</strong></span> <span class='ocrx_word' id='word_1_266' title='bbox 497 3405 560 3482; x_wconf 85' lang='lat' dir='ltr'><strong>est,</strong></span> <span class='ocrx_word' id='word_1_267' title='bbox 584 3403 643 3466; x_wconf 72' lang='lat' dir='ltr'><strong>&#39;vel</strong></span> <span class='ocrx_word' id='word_1_268' title='bbox 672 3404 734 3468; x_wconf 91' lang='lat' dir='ltr'><strong>hoc</strong></span> <span class='ocrx_word' id='word_1_269' title='bbox 762 3405 814 3469; x_wconf 87' lang='lat' dir='ltr'><strong>vel</strong></span> <span class='ocrx_word' id='word_1_270' title='bbox 842 3405 902 3470; x_wconf 92' lang='lat' dir='ltr'><strong>illc</strong></span> <span class='ocrx_word' id='word_1_271' title='bbox 931 3405 1026 3470; x_wconf 91' lang='lat' dir='ltr'><strong>modo</strong></span> <span class='ocrx_word' id='word_1_272' title='bbox 1055 3405 1157 3490; x_wconf 89' lang='lat' dir='ltr'><strong>potest</strong></span> 
     </span>
     <span class='ocr_line' id='line_1_37' title="bbox 164 3487 1157 3574; baseline 0.004 -24"><span class='ocrx_word' id='word_1_273' title='bbox 164 3487 300 3571; x_wconf 78' lang='lat' dir='ltr'><strong>evenire,</strong></span> <span class='ocrx_word' id='word_1_274' title='bbox 321 3487 454 3551; x_wconf 82' lang='lat' dir='ltr'><strong>fortuna</strong></span> <span class='ocrx_word' id='word_1_275' title='bbox 475 3487 564 3551; x_wconf 79' lang='lat' dir='ltr'><strong>valet</strong></span> <span class='ocrx_word' id='word_1_276' title='bbox 586 3488 776 3574; x_wconf 81' lang='lat' dir='ltr'><strong>plurimum3</strong></span> <span class='ocrx_word' id='word_1_277' title='bbox 798 3513 880 3574; x_wconf 90' lang='lat' dir='ltr'><strong>quae</strong></span> <span class='ocrx_word' id='word_1_278' title='bbox 903 3497 1011 3558; x_wconf 88' lang='lat' dir='ltr'><strong>autem</strong></span> <span class='ocrx_word' id='word_1_279' title='bbox 1028 3491 1157 3558; x_wconf 80' lang='lat' dir='ltr'><strong>fortuita</strong></span> 
     </span>
    </p>
   </div>
   <div class='ocr_carea' id='block_1_3' title="bbox 0 0 1239 3934">
    <p class='ocr_par' dir='ltr' id='par_1_3' title="bbox 0 0 1239 3934">
     <span class='ocr_line' id='line_1_38' title="bbox 0 0 1239 3934; baseline 0 0"><span class='ocrx_word' id='word_1_280' title='bbox 0 0 1239 3934; x_wconf 95' lang='lat' dir='ltr'><strong> </strong></span> 
     </span>
    </p>
   </div>
  </div>
 </body>
</html>
