2458 3934
151 190 215 255 110
458 185 509 242 DE
527 184 678 242 NATURA
696 183 852 240 DEORUM

148 355 201 399 me
224 332 327 398 doces.
364 329 448 408 Quid
470 333 529 416 est,
552 330 658 416 inquit
676 329 809 414 Balbus,
832 329 861 396 si
883 329 945 396 tibi
964 349 1180 415 persuasum

150 425 213 505 est,
240 442 296 486 eur
323 441 343 486 a
369 441 422 485 me
448 419 530 484 velis
558 419 700 484 discere?
745 417 829 484 Tum
857 416 969 484 Cotta:
1001 415 1089 494 Quia
1125 421 1180 487 sic

149 508 336 594 adgredior,
358 507 478 593 inquit,
501 507 649 574 adhunc
671 506 934 593 disputationem,
958 505 1054 591 qnasi
1077 507 1180 572 nihil

148 618 303 681 umquam
326 595 483 662 audierim
505 596 544 661 de
568 595 617 660 dis
635 595 872 680 inmortalibus,
894 593 978 659 nihil
996 595 1179 681 cogitave-

148 686 225 771 rim3
252 684 365 751 rudem
387 706 439 751 me
462 686 495 750 et
518 684 682 770 integrum
705 683 899 768 discipulum
922 682 1031 768 accipe
1055 687 1092 748 et
1121 705 1177 770 ea,
1205 707 1219 748 a

104 791 232 859 squas
255 773 394 860 requiro,
418 772 504 841 doce.
544 772 606 838 Dic
628 772 739 858 igitur,
762 771 876 856 inquit,
900 771 978 856 quid
1000 772 1177 856 requiras.

147 862 284 950 Egone?
306 863 448 948 primum
470 860 561 946 illud,
584 881 649 944 cur,
673 861 759 944 quod
780 861 815 924 in
832 861 897 924 ista
914 858 1100 946 partitione
1128 882 1177 927 ne

149 973 244 1038 egere
263 950 393 1036 quidem
411 950 558 1016 oratione
577 949 722 1034 dixisses,
741 948 828 1034 quod
846 951 933 1014 esset
950 949 1176 1034 perspicuum

149 1045 182 1105 et
204 1040 290 1106 inter
313 1039 418 1105 omnis
441 1039 615 1122 constaret,
638 1037 677 1102 de
700 1057 738 1102 eo
760 1037 833 1122 ipso
856 1039 926 1102 tam
949 1037 1057 1101 multa
1076 1036 1176 1104 dixe-

147 1128 203 1194 ris.
235 1126 318 1203 Quia
336 1132 370 1192 te
390 1148 526 1211 quoque,
548 1125 663 1210 inquit,
682 1124 906 1209 animadverti,
924 1121 1033 1209 Cotta,
1053 1145 1174 1212 saepe,
1190 1151 1214 1190 n

149 1237 222 1282 eum
243 1215 279 1279 in
295 1215 367 1280 foro
387 1215 517 1299 diceres,
540 1213 806 1298 quamplurimis
825 1233 940 1298 posses
954 1215 1173 1300 argumentis

149 1322 283 1369 onerare
310 1301 462 1386 iudicem,
491 1301 519 1367 ei
546 1300 642 1366 modo
671 1323 743 1366 eam
765 1300 957 1366 facultatem
979 1301 1043 1364 tibi
1068 1301 1174 1369 daret

117 1453 123 1464 ,
149 1412 254 1457 eausa.
296 1389 405 1474 Atque
427 1389 490 1456 hoc
511 1388 597 1454 idem
620 1392 653 1454 et
675 1389 862 1474 philosophi
884 1389 1009 1454 faciunt
1031 1392 1066 1455 et
1089 1412 1173 1477 ego,

148 1483 185 1544 ut
212 1478 318 1565 potui,
347 1477 418 1544 feei.
464 1475 514 1543 Tu
541 1481 664 1561 autem,
694 1477 749 1562 qui
776 1477 810 1542 id
834 1477 975 1562 quaeris,
1006 1476 1172 1544 similiter

148 1567 242 1652 facis,
266 1587 304 1634 ae
326 1566 355 1632 si
377 1588 429 1632 me
452 1587 561 1654 roges,
591 1587 648 1632 cur
670 1567 704 1630 te
727 1565 852 1631 duobus
876 1569 1031 1632 contuear
1056 1568 1170 1632 oculis
1186 1589 1213 1632 ιι

108 1662 183 1772 4et
208 1677 275 1722 non
303 1656 406 1722 altero
435 1656 614 1739 coniveam,
638 1653 819 1720 cumidem
841 1675 906 1720 uno
930 1653 1064 1738 adsequi
1086 1678 1172 1740 pos·

114 1745 220 1836 9sim.
265 1743 349 1810 Tum
372 1741 483 1828 Cotta:
512 1742 615 1821 Quam
643 1743 749 1806 simile
775 1742 865 1808 istud
887 1741 943 1827 sit,
970 1742 1094 1829 iuquit,
1128 1749 1170 1810 tu

149 1833 276 1899 videris.
322 1831 409 1897 Nam
436 1853 497 1919 ego
524 1852 628 1916 neque
655 1831 690 1895 in
717 1830 836 1916 causis,
864 1831 893 1896 si
921 1829 1073 1915 quidest
1097 1833 1170 1898 evi-

150 1922 241 2005 dens,
265 1919 303 1985 de
327 1941 390 2004 quo
413 1920 499 1986 inter
521 1919 626 1985 omnis
649 1918 833 2004 conveniat,
862 1919 1087 2006 argumentari
1113 1941 1169 1987 so-

149 2010 214 2092 le03
241 2007 456 2093 perspicuitas
484 2007 570 2073 enim
598 2007 879 2095 argumentatione
903 2008 1063 2092 elevatur3
1089 2029 1167 2095 nec,
1183 2031 1209 2071 ao

151 2097 178 2162 si
204 2095 238 2160 id
265 2095 406 2161 facerem
431 2096 466 2160 in
494 2096 599 2162 causis
627 2095 825 2180 forensibus,
852 2094 937 2160 idem
960 2094 1103 2161 facerem
1129 2099 1168 2163 in

148 2185 210 2250 hae
233 2183 417 2249 subtilitate
440 2185 607 2250 sermonis.
648 2182 714 2250 Gur
736 2184 902 2250 coniveres
925 2187 1034 2249 autem
1053 2186 1167 2252 altero

150 2273 257 2357 oculo,
285 2293 382 2338 causa
404 2293 470 2338 nou
493 2276 592 2355 esset,
621 2293 693 2339 eum
715 2271 801 2337 idem
826 2272 959 2337 obtutus
983 2276 1070 2338 esset
1093 2295 1167 2340 am·

149 2362 274 2447 borum,
297 2365 330 2426 et
349 2382 421 2426 eum
440 2382 549 2427 rorum
566 2364 692 2444 natura,
716 2382 813 2445 quam
831 2364 869 2426 tu
888 2361 1069 2446 sapientem
1087 2383 1166 2429 esse

149 2451 208 2535 vis,
231 2449 293 2515 duo
317 2449 441 2514 lumina
460 2450 501 2514 ab
521 2449 628 2514 animo
648 2448 688 2513 ad
707 2449 817 2514 oeulos
835 2447 1003 2535 perforata
1020 2470 1081 2514 nos
1100 2450 1163 2516 ha·
1178 2471 1204 2512 aa

149 2540 225 2604 bere
247 2537 413 2604 voluisset.
459 2535 521 2603 Sed
545 2538 708 2622 quianon
731 2537 914 2603 confidebas
937 2541 1006 2603 tam
1030 2559 1102 2604 esse
1128 2541 1166 2605 id

149 2626 368 2713 perspicuum,
395 2647 493 2711 quarn
520 2630 557 2692 tu
584 2625 698 2709 velles,
725 2628 899 2712 propterea
926 2625 1038 2691 multis
1063 2647 1164 2714 argu·

150 2714 268 2780 mentis
299 2715 374 2780 deos
405 2735 475 2780 esse
505 2714 618 2780 docere
645 2714 787 2778 voluisti.
832 2713 915 2778 Mihi
943 2715 1027 2781 enim
1056 2737 1164 2782 unum

151 2807 203 2868 sat
226 2806 304 2886 erat,
326 2803 375 2867 ita
395 2802 491 2869 nobis
514 2802 653 2868 maiores
671 2806 802 2868 nostros
820 2801 1002 2868 tradidisse.
1038 2800 1102 2868 Sed
1123 2810 1163 2871 tu

98 2902 131 2951 10
152 2889 363 2955 auctoritates
386 2891 575 2975 contemnis,
598 2890 724 2957 ratione
747 2911 882 2977 pugnas.
919 2889 1036 2956 Patere
1052 2891 1162 2978 igitur
1176 2911 1203 2952 so

149 2977 310 3043 rationem
337 2999 443 3044 meam
466 3000 539 3045 eum
562 2979 768 3045 lucratione
792 2978 990 3046 contendere.
1036 2978 1162 3046 Adfers

148 3067 229 3132 haec
253 3064 362 3132 omnia
384 3072 585 3153 argumenta,
609 3090 666 3134 eur
688 3067 720 3133 di
744 3067 818 3153 sint,
840 3090 973 3153 remque
996 3090 1070 3134 mea
1088 3089 1162 3136 sen·

149 3153 254 3220 tentia
286 3153 419 3220 minime
451 3155 582 3221 dubiam
615 3156 870 3244 argumentando
903 3157 1034 3222 dubiam
1065 3155 1161 3224 facis.

148 3241 301 3308 Mandavi
333 3242 420 3308 enim
451 3244 625 3310 memoriae
656 3267 723 3311 non
750 3267 920 3311 numerum
948 3246 1067 3330 solum,
1101 3247 1160 3311 sed

149 3331 250 3397 etiam
274 3330 420 3398 ordinem
443 3336 709 3418 argumentorum
730 3338 869 3401 tuorum.
914 3332 1061 3399 Primum
1084 3334 1159 3420 fuit,
1173 3350 1199 3392 ³⁵

149 3441 222 3486 cum
241 3420 366 3486 caelum
385 3420 648 3506 suspexissemus,
667 3423 780 3488 statim
798 3444 858 3487 nos
877 3423 1068 3508 intellegere
1085 3443 1159 3490 esse

148 3508 281 3593 aliquod
298 3530 427 3594 numen,
447 3531 510 3594 quo
524 3509 604 3576 haec
617 3514 781 3597 regantur.
809 3509 859 3575 Ex
871 3510 934 3576 hoc
947 3509 1028 3575 illud
1043 3511 1159 3577 etiam:
