2452 3938
141 167 207 232 220
490 167 539 222 na
558 167 800 223 mvnvamorva

184 308 280 376 Nam
299 313 391 395 quot
408 312 490 376 avis
509 314 639 376 taetro
654 314 844 377 mactatas
859 310 1150 394 dentevidetis,

186 398 259 462 Tot
275 420 344 462 nos
363 399 409 464 ad
422 398 575 464 Troiam
593 399 691 463 belli
709 398 997 464 exanclabimus
1012 419 1150 483 annos3
1210 389 1211 472 l

186 485 287 562 Quae
302 487 456 552 decumo
471 487 582 552 cadet
596 490 634 551 et
647 507 769 572 poena
783 485 1150 551 satiabitAchivos'.
1210 529 1211 558 ,

185 573 320 639 Edidit
350 575 444 640 haec
471 573 649 658 Calchas3
681 596 776 659 quae
807 575 883 639 iam
913 577 1069 726 mdatura
1099 574 1151 639 ri·
1210 591 1211 660 l

973 662 1061 727 etis.

87 761 121 812 oo
141 747 229 826 Quae
256 750 386 815 tandem
413 750 480 814 ista
507 749 678 836 auguratio
708 753 758 814 est
780 771 820 814 cx
841 749 1029 834 passeribus
1055 771 1152 816 anno·
1176 749 1211 810 ο1

140 861 213 903 rum
235 839 345 922 potius
369 859 466 923 quam
489 841 546 902 aut
568 859 737 903 mensuum
761 841 818 902 aut
835 838 982 902 dierum?
1011 836 1082 904 Onr
1101 861 1153 902 au·

139 930 208 992 tem
226 926 265 992 de
283 925 477 1011 passerculis
495 925 712 991 coniecturam
730 924 818 1010 facit,
835 926 870 990 in
889 926 1007 1009 quibus
1021 926 1153 992 nullum

141 1018 212 1081 erat
239 1019 435 1098 monstrum,
464 1013 503 1079 de
530 1013 669 1079 dracone
696 1012 786 1097 silet,
815 1013 883 1097 qui,
911 1013 946 1077 id
969 1013 1061 1098 quod
1083 1014 1153 1078 fieri

140 1124 207 1168 non
228 1103 345 1188 potuit,
367 1102 515 1187 lapideus
538 1101 655 1167 dicitur
674 1100 803 1166 factus?
825 1104 993 1186 postremo
1013 1101 1097 1186 quid
1115 1102 1153 1166 si·

142 1190 218 1255 mile
246 1190 347 1256 habet
375 1211 488 1276 passer
518 1189 632 1254 annis?
668 1187 754 1254 Nam
785 1189 823 1253 de
853 1209 959 1274 angue
986 1189 1065 1274 illo,
1099 1189 1153 1274 qui
1165 1208 1186 1247 a

142 1276 251 1342 Sullae
262 1279 413 1362 apparuit
425 1277 619 1361 immolanti,
633 1280 805 1360 utrumque
815 1277 956 1362 memini,
971 1281 1005 1342 et
1014 1275 1153 1360 Sullam,

142 1388 214 1430 cum
237 1366 271 1429 in
294 1365 530 1450 expeditionem
553 1365 725 1430 educturus
744 1368 839 1449 esset,
861 1365 1099 1451 immolavisse,
1121 1369 1153 1429 et

142 1473 281 1538 anguem
304 1453 345 1517 ab
364 1475 422 1518 ara
439 1453 596 1538 extitisse,
618 1473 719 1536 eoque
738 1452 789 1517 die
806 1473 876 1517 rem
893 1454 1064 1538 praeclare
1083 1473 1152 1518 esse

143 1545 270 1628 gestam
291 1563 358 1607 non
380 1541 560 1625 haruspicis
584 1540 729 1624 consilio,
752 1539 808 1604 sed
830 1540 1049 1625 imperatoris.

208 1628 317 1714 Atque
344 1630 424 1695 haec
446 1633 648 1694 ostentorum
672 1649 792 1714 genera
814 1627 963 1693 mirabile
986 1629 1074 1694 nihil
1098 1629 1184 1694 ha-1⁶

141 1718 234 1802 bent3
262 1739 343 1802 quae
371 1740 444 1783 cum
465 1717 554 1782 facta
576 1720 665 1800 sunt,
692 1720 762 1782 tum
786 1716 827 1782 ad
849 1717 1073 1782 coniecturam
1097 1717 1152 1782 ali·

143 1828 207 1890 qua
233 1805 502 1890 interpretatione
529 1808 734 1888 revocantur,
765 1807 803 1868 ut
830 1803 890 1869 illa
915 1805 1018 1870 tritici
1049 1826 1151 1891 grana

76 2037 78 2044 s
141 1915 245 2045 ht
258 1893 860 2064 ΡέῗαῗοὲἀῖἰὲἑὶὸἒέῗρῖἶὲῗΡὲἓίι
877 1913 958 2044 ‘tl
982 1893 1151 2046 tlttlt

144 2069 209 2133 sint
236 2090 334 2152 quam
361 2069 506 2134 coniecta
531 2069 631 2150 belle3
658 2089 739 2152 qnae
761 2071 872 2132 tamen
893 2069 946 2132 vel
968 2067 1044 2153 ipsa
1067 2068 1183 2134 falsas

144 2177 214 2221 esse
244 2157 297 2220 vel
325 2178 377 2240 ea,
408 2177 491 2241 quae
517 2156 684 2241 praedicta
711 2159 800 2240 sunt,
830 2155 967 2221 fortuito
995 2157 1148 2222 cecidisse

143 2247 325 2329 potuerunt.
370 2243 420 2310 De
446 2245 519 2328 ipso
542 2243 660 2309 Roscio
687 2247 797 2328 potest
818 2243 901 2308 illud
924 2243 1056 2328 quidem
1081 2265 1149 2310 esse

143 2331 271 2415 falsum,
293 2336 332 2396 ut
354 2331 595 2418 circumligatus
619 2331 717 2396 fuerit
739 2332 847 2417 angui,
870 2330 925 2396 sed
948 2335 986 2396 ut
1004 2333 1040 2396 in
1058 2332 1148 2398 cunis

143 2419 242 2484 fuerit
268 2420 397 2506 anguis,
423 2440 490 2484 non
516 2423 585 2484 tam
614 2423 664 2483 est
686 2419 818 2503 mirum,
844 2419 880 2482 in
901 2416 1035 2484 Solonio
1060 2441 1149 2507 prae

144 2508 266 2591 sertim,
288 2508 345 2572 ubi
367 2508 409 2573 ad
429 2507 538 2572 focum
561 2528 683 2592 angues
705 2507 878 2572 nundinari
900 2507 1016 2572 solent.
1063 2508 1181 2573 Nema

144 2596 230 2680 quod
256 2596 442 2681 haruspices
469 2595 694 2680 responderint
715 2594 798 2659 nihil
821 2595 880 2660 illo
903 2594 1037 2680 clarius,
1065 2595 1147 2660 nihil

143 2683 285 2748 nobilius
307 2683 391 2767 fore,
414 2683 516 2748 miror
539 2682 614 2747 deos
637 2682 839 2747 immortales
861 2682 1015 2747 histrioni
1037 2683 1147 2748 futmu

92 2781 125 2829 ⁶⁷
144 2772 327 2836 claritatem
347 2770 534 2854 ostendisse,
555 2770 681 2835 nullam
699 2771 878 2836 ostendisse
895 2769 1061 2836 Africano.
1091 2771 1147 2836 Aa

145 2881 206 2942 que
224 2859 323 2922 etiam
342 2861 412 2924 ate
430 2857 635 2924 Flaminiana
652 2861 782 2923 ostema
800 2858 937 2924 collecta
950 2862 1039 2924 sunt:
1063 2857 1147 2944 quod
1210 2887 1211 2932 r

143 2948 212 3030 ipse
236 2948 269 3009 et
292 2966 391 3029 equus
416 2946 483 3010 eius
506 2949 639 3032 repente
661 2945 850 3030 conciderit3
871 2967 938 3010 non
956 2967 1033 3012 sane
1051 2948 1179 3012 mira-³⁰

143 3033 209 3099 bile
240 3033 302 3098 hoc
335 3033 477 3116 quidem!
509 3034 595 3119 quod
622 3032 718 3099 evelli
743 3035 841 3118 primi
867 3033 991 3098 hastati
1019 3036 1145 3122 signnm
1210 3045 1211 3084 l

143 3143 209 3187 non
230 3121 387 3206 potuerit,
409 3121 521 3186 timide
543 3120 684 3187 fortasse
707 3121 843 3208 signifer
865 3123 1039 3207 evellebat,
1062 3120 1145 3207 quod
1210 3121 1211 3206 l

143 3210 279 3274 fidenter
309 3209 467 3274 infixerat.
513 3207 599 3274 Nam
625 3208 775 3293 Dionysii
802 3231 902 3295 equus
930 3209 1008 3294 quid
1035 3208 1145 3276 attulit
1210 3209 1211 3240 ¹

145 3297 381 3381 admirationis,
404 3298 490 3381 quod
513 3297 644 3361 emersit
667 3319 684 3362 e
706 3297 839 3363 flumine
862 3298 1010 3383 quodque
1033 3297 1144 3363 habuit
1210 3295 1211 3298 ’

145 3405 222 3468 apes
248 3385 283 3448 in
308 3384 406 3449 iuba?
448 3381 510 3446 Sed
537 3383 614 3465 quia
640 3383 731 3448 brevi
753 3388 899 3470 tempore
921 3406 1058 3470 regnare
1081 3393 1177 3450 coe&

143 3471 202 3555 pit,
227 3471 313 3552 quod
336 3468 495 3534 acciderat
517 3489 603 3552 casu,
625 3470 693 3534 vim
714 3469 831 3537 habuit
853 3474 984 3538 ostenti.
1020 3471 1068 3537 At
1089 3472 1143 3538 La·

89 1600 131 1726 s
