<?xml version="1.0" encoding="UTF-8"?>
<!DOCTYPE html PUBLIC "-//W3C//DTD XHTML 1.0 Transitional//EN"
    "http://www.w3.org/TR/xhtml1/DTD/xhtml1-transitional.dtd">
<html xmlns="http://www.w3.org/1999/xhtml" xml:lang="en" lang="en">
 <head>
  <title>
</title>
<meta http-equiv="Content-Type" content="text/html;charset=utf-8" />
  <meta name='ocr-system' content='tesseract 3.04.00' />
  <meta name='ocr-capabilities' content='ocr_page ocr_carea ocr_par ocr_line ocrx_word'/>
</head>
<body>
  <div class='ocr_page' id='page_1' title='image "./mtulliiciceroni03mlgoog_0388.png"; bbox 0 0 2476 3936; ppageno 0'>
   <div class='ocr_carea' id='block_1_1' title="bbox 297 153 1063 225">
    <p class='ocr_par' dir='ltr' id='par_1_1' title="bbox 297 153 1063 225">
     <span class='ocr_line' id='line_1_1' title="bbox 297 153 1063 225; baseline 0.018 -19"><span class='ocrx_word' id='word_1_1' title='bbox 297 153 363 210; x_wconf 80' lang='lat' dir='ltr'>mn.</span> <span class='ocrx_word' id='word_1_2' title='bbox 382 153 429 208; x_wconf 89' lang='lat'>111.</span> <span class='ocrx_word' id='word_1_3' title='bbox 450 153 525 214; x_wconf 78' lang='lat' dir='ltr'>CAP.</span> <span class='ocrx_word' id='word_1_4' title='bbox 546 161 640 212; x_wconf 82' lang='lat' dir='ltr'>r-ro.</span> <span class='ocrx_word' id='word_1_5' title='bbox 664 161 680 221; x_wconf 72' lang='lat' dir='ltr'>s</span> <span class='ocrx_word' id='word_1_6' title='bbox 699 161 812 212; x_wconf 83' lang='lat' dir='ltr'>11-1r,</span> <span class='ocrx_word' id='word_1_7' title='bbox 998 157 1063 225; x_wconf 81' lang='lat'>337</span> 
     </span>
    </p>
   </div>
   <div class='ocr_carea' id='block_1_2' title="bbox 21 295 1119 2860">
    <p class='ocr_par' dir='ltr' id='par_1_2' title="bbox 21 295 1119 2860">
     <span class='ocr_line' id='line_1_2' title="bbox 57 295 1063 384; baseline 0.004 -22"><span class='ocrx_word' id='word_1_8' title='bbox 57 295 188 362; x_wconf 88' lang='lat' dir='ltr'>eosdem</span> <span class='ocrx_word' id='word_1_9' title='bbox 205 301 239 362; x_wconf 90' lang='lat' dir='ltr'>et</span> <span class='ocrx_word' id='word_1_10' title='bbox 256 297 409 382; x_wconf 89' lang='lat' dir='ltr'>cuiusque</span> <span class='ocrx_word' id='word_1_11' title='bbox 428 298 554 384; x_wconf 83' lang='lat' dir='ltr'>generis</span> <span class='ocrx_word' id='word_1_12' title='bbox 575 297 579 382; x_wconf 72' lang='lat' dir='ltr'>l</span> <span class='ocrx_word' id='word_1_13' title='bbox 599 299 711 365; x_wconf 86' lang='lat' dir='ltr'>beluas</span> <span class='ocrx_word' id='word_1_14' title='bbox 729 320 863 366; x_wconf 91' lang='lat' dir='ltr'>numero</span> <span class='ocrx_word' id='word_1_15' title='bbox 882 321 955 366; x_wconf 92' lang='lat' dir='ltr'>con·</span> <span class='ocrx_word' id='word_1_16' title='bbox 973 302 1014 382; x_wconf 85' lang='lat' dir='ltr'>[p.</span> <span class='ocrx_word' id='word_1_17' title='bbox 1031 315 1063 366; x_wconf 83' lang='lat'>18</span> 
     </span>
     <span class='ocr_line' id='line_1_3' title="bbox 58 385 1064 473; baseline 0.004 -23"><span class='ocrx_word' id='word_1_18' title='bbox 58 389 201 452; x_wconf 85' lang='lat' dir='ltr'>sacratas</span> <span class='ocrx_word' id='word_1_19' title='bbox 225 386 371 470; x_wconf 89' lang='lat' dir='ltr'>dcorum;</span> <span class='ocrx_word' id='word_1_20' title='bbox 394 387 506 452; x_wconf 90' lang='lat' dir='ltr'>deinde</span> <span class='ocrx_word' id='word_1_21' title='bbox 530 385 693 471; x_wconf 80' lang='lat' dir='ltr'>Graeciae,</span> <span class='ocrx_word' id='word_1_22' title='bbox 716 387 799 454; x_wconf 90' lang='lat' dir='ltr'>siout</span> <span class='ocrx_word' id='word_1_23' title='bbox 818 388 903 473; x_wconf 89' lang='lat' dir='ltr'>apud</span> <span class='ocrx_word' id='word_1_24' title='bbox 920 409 990 473; x_wconf 89' lang='lat' dir='ltr'>nos,</span> <span class='ocrx_word' id='word_1_25' title='bbox 1013 389 1064 453; x_wconf 88' lang='lat' dir='ltr'>de·</span> 
     </span>
     <span class='ocr_line' id='line_1_4' title="bbox 57 474 1063 562; baseline 0.004 -24"><span class='ocrx_word' id='word_1_26' title='bbox 57 475 153 540; x_wconf 92' lang='lat' dir='ltr'>lubra</span> <span class='ocrx_word' id='word_1_27' title='bbox 179 474 353 562; x_wconf 79' lang='lat' dir='ltr'>magnifica</span> <span class='ocrx_word' id='word_1_28' title='bbox 375 474 526 540; x_wconf 89' lang='lat' dir='ltr'>humanis</span> <span class='ocrx_word' id='word_1_29' title='bbox 549 479 736 542; x_wconf 86' lang='lat' dir='ltr'>consecrata</span> <span class='ocrx_word' id='word_1_30' title='bbox 759 477 954 562; x_wconf 87' lang='lat' dir='ltr'>simulacris,</span> <span class='ocrx_word' id='word_1_31' title='bbox 982 498 1063 560; x_wconf 88' lang='lat' dir='ltr'>quae</span> 
     </span>
     <span class='ocr_line' id='line_1_5' title="bbox 56 562 1064 649; baseline 0.004 -23"><span class='ocrx_word' id='word_1_32' title='bbox 56 562 177 628; x_wconf 78' lang='lat' dir='ltr'>Persae</span> <span class='ocrx_word' id='word_1_33' title='bbox 204 562 330 628; x_wconf 82' lang='lat' dir='ltr'>nefaria</span> <span class='ocrx_word' id='word_1_34' title='bbox 351 567 562 648; x_wconf 78' lang='lat' dir='ltr'>putaverunt3</span> <span class='ocrx_word' id='word_1_35' title='bbox 589 587 724 649; x_wconf 88' lang='lat' dir='ltr'>eamque</span> <span class='ocrx_word' id='word_1_36' title='bbox 746 587 844 630; x_wconf 88' lang='lat' dir='ltr'>unam</span> <span class='ocrx_word' id='word_1_37' title='bbox 868 566 910 630; x_wconf 92' lang='lat' dir='ltr'>ob</span> <span class='ocrx_word' id='word_1_38' title='bbox 933 587 1064 630; x_wconf 87' lang='lat' dir='ltr'>causam</span> 
     </span>
     <span class='ocr_line' id='line_1_6' title="bbox 21 651 1064 738; baseline 0 -20"><span class='ocrx_word' id='word_1_39' title='bbox 21 667 44 718; x_wconf 68' lang='grc'>,5</span> <span class='ocrx_word' id='word_1_40' title='bbox 56 651 177 717; x_wconf 86' lang='lat' dir='ltr'>Xerses</span> <span class='ocrx_word' id='word_1_41' title='bbox 200 651 395 716; x_wconf 88' lang='lat' dir='ltr'>inflammari</span> <span class='ocrx_word' id='word_1_42' title='bbox 413 651 662 718; x_wconf 74' lang='lat' dir='ltr'>Atheniensium</span> <span class='ocrx_word' id='word_1_43' title='bbox 684 651 762 718; x_wconf 87' lang='lat' dir='ltr'>fana</span> <span class='ocrx_word' id='word_1_44' title='bbox 783 653 916 719; x_wconf 85' lang='lat' dir='ltr'>iussisse</span> <span class='ocrx_word' id='word_1_45' title='bbox 940 654 1064 738; x_wconf 90' lang='lat' dir='ltr'>dicitur,</span> 
     </span>
     <span class='ocr_line' id='line_1_7' title="bbox 58 739 1065 827; baseline 0.001 -22"><span class='ocrx_word' id='word_1_46' title='bbox 58 739 144 825; x_wconf 83' lang='lat' dir='ltr'>quod</span> <span class='ocrx_word' id='word_1_47' title='bbox 173 739 263 824; x_wconf 88' lang='lat' dir='ltr'>deos,</span> <span class='ocrx_word' id='word_1_48' title='bbox 291 761 428 824; x_wconf 89' lang='lat' dir='ltr'>quorum</span> <span class='ocrx_word' id='word_1_49' title='bbox 455 741 568 806; x_wconf 84' lang='lat' dir='ltr'>domus</span> <span class='ocrx_word' id='word_1_50' title='bbox 596 745 683 806; x_wconf 87' lang='lat' dir='ltr'>esset</span> <span class='ocrx_word' id='word_1_51' title='bbox 709 742 814 807; x_wconf 88' lang='lat' dir='ltr'>omnis</span> <span class='ocrx_word' id='word_1_52' title='bbox 841 742 1065 827; x_wconf 80' lang='lat' dir='ltr'>hismundus,</span> 
     </span>
     <span class='ocr_line' id='line_1_8' title="bbox 56 828 1118 913; baseline 0.002 -21"><span class='ocrx_word' id='word_1_53' title='bbox 56 830 201 893; x_wconf 85' lang='lat' dir='ltr'>inclusos</span> <span class='ocrx_word' id='word_1_54' title='bbox 224 828 403 913; x_wconf 90' lang='lat' dir='ltr'>parietibus</span> <span class='ocrx_word' id='word_1_55' title='bbox 427 829 585 894; x_wconf 77' lang='lat' dir='ltr'>contineri</span> <span class='ocrx_word' id='word_1_56' title='bbox 606 829 697 895; x_wconf 87' lang='lat' dir='ltr'>nefas</span> <span class='ocrx_word' id='word_1_57' title='bbox 721 850 791 896; x_wconf 88' lang='lat' dir='ltr'>esse</span> <span class='ocrx_word' id='word_1_58' title='bbox 815 831 952 895; x_wconf 86' lang='lat' dir='ltr'>duceret.</span> <span class='ocrx_word' id='word_1_59' title='bbox 983 829 1065 895; x_wconf 90' lang='lat' dir='ltr'>Post</span> <span class='ocrx_word' id='word_1_60' title='bbox 1084 843 1118 894; x_wconf 80' lang='lat' dir='ltr'>lo</span> 
     </span>
     <span class='ocr_line' id='line_1_9' title="bbox 58 915 1065 1003; baseline 0 -21"><span class='ocrx_word' id='word_1_61' title='bbox 58 921 168 982; x_wconf 90' lang='lat' dir='ltr'>autem</span> <span class='ocrx_word' id='word_1_62' title='bbox 205 938 278 982; x_wconf 92' lang='lat' dir='ltr'>cum</span> <span class='ocrx_word' id='word_1_63' title='bbox 308 916 416 982; x_wconf 87' lang='lat' dir='ltr'>Persis</span> <span class='ocrx_word' id='word_1_64' title='bbox 453 921 486 982; x_wconf 91' lang='lat' dir='ltr'>et</span> <span class='ocrx_word' id='word_1_65' title='bbox 516 915 701 1003; x_wconf 87' lang='lat' dir='ltr'>Philippus,</span> <span class='ocrx_word' id='word_1_66' title='bbox 738 918 794 1001; x_wconf 89' lang='lat' dir='ltr'>qui</span> <span class='ocrx_word' id='word_1_67' title='bbox 825 918 996 1002; x_wconf 84' lang='lat' dir='ltr'>cogitavit,</span> <span class='ocrx_word' id='word_1_68' title='bbox 1032 922 1065 982; x_wconf 89' lang='lat' dir='ltr'>et</span> 
     </span>
     <span class='ocr_line' id='line_1_10' title="bbox 57 1003 1066 1091; baseline 0 -21"><span class='ocrx_word' id='word_1_69' title='bbox 57 1005 257 1089; x_wconf 81' lang='lat' dir='ltr'>Alexander,</span> <span class='ocrx_word' id='word_1_70' title='bbox 293 1005 349 1090; x_wconf 91' lang='lat' dir='ltr'>qui</span> <span class='ocrx_word' id='word_1_71' title='bbox 380 1005 496 1090; x_wconf 84' lang='lat' dir='ltr'>gessit,</span> <span class='ocrx_word' id='word_1_72' title='bbox 531 1006 614 1070; x_wconf 88' lang='lat' dir='ltr'>hanc</span> <span class='ocrx_word' id='word_1_73' title='bbox 641 1006 786 1071; x_wconf 88' lang='lat' dir='ltr'>bellandi</span> <span class='ocrx_word' id='word_1_74' title='bbox 817 1027 948 1071; x_wconf 77' lang='lat' dir='ltr'>causam</span> <span class='ocrx_word' id='word_1_75' title='bbox 979 1003 1066 1091; x_wconf 72' lang='lat' dir='ltr'>infel-</span> 
     </span>
     <span class='ocr_line' id='line_1_11' title="bbox 24 1092 1064 1179; baseline 0.001 -20"><span class='ocrx_word' id='word_1_76' title='bbox 24 1110 46 1149; x_wconf 88' lang='lat'>1⁰</span> <span class='ocrx_word' id='word_1_77' title='bbox 57 1095 166 1178; x_wconf 89' lang='lat' dir='ltr'>rebat,</span> <span class='ocrx_word' id='word_1_78' title='bbox 190 1093 277 1178; x_wconf 92' lang='lat' dir='ltr'>quod</span> <span class='ocrx_word' id='word_1_79' title='bbox 299 1094 398 1158; x_wconf 88' lang='lat' dir='ltr'>vellet</span> <span class='ocrx_word' id='word_1_80' title='bbox 422 1092 575 1159; x_wconf 81' lang='lat' dir='ltr'>Graeciae</span> <span class='ocrx_word' id='word_1_81' title='bbox 597 1092 674 1159; x_wconf 91' lang='lat' dir='ltr'>fana</span> <span class='ocrx_word' id='word_1_82' title='bbox 695 1093 841 1179; x_wconf 79' lang='lat' dir='ltr'>poenire3</span> <span class='ocrx_word' id='word_1_83' title='bbox 869 1115 952 1178; x_wconf 90' lang='lat' dir='ltr'>quae</span> <span class='ocrx_word' id='word_1_84' title='bbox 975 1096 1016 1175; x_wconf 87' lang='lat' dir='ltr'>[p.</span> <span class='ocrx_word' id='word_1_85' title='bbox 1031 1110 1064 1160; x_wconf 79' lang='grc'>27</span> 
     </span>
     <span class='ocr_line' id='line_1_12' title="bbox 57 1180 1066 1267; baseline 0.001 -20"><span class='ocrx_word' id='word_1_86' title='bbox 57 1205 96 1249; x_wconf 89' lang='lat' dir='ltr'>ne</span> <span class='ocrx_word' id='word_1_87' title='bbox 125 1181 297 1247; x_wconf 87' lang='lat' dir='ltr'>reficienda</span> <span class='ocrx_word' id='word_1_88' title='bbox 324 1181 453 1266; x_wconf 90' lang='lat' dir='ltr'>quidem</span> <span class='ocrx_word' id='word_1_89' title='bbox 481 1180 572 1246; x_wconf 84' lang='lat' dir='ltr'>Graii</span> <span class='ocrx_word' id='word_1_90' title='bbox 598 1187 807 1267; x_wconf 87' lang='lat' dir='ltr'>putaverunt,</span> <span class='ocrx_word' id='word_1_91' title='bbox 833 1186 871 1247; x_wconf 91' lang='lat' dir='ltr'>ut</span> <span class='ocrx_word' id='word_1_92' title='bbox 898 1186 984 1247; x_wconf 88' lang='lat' dir='ltr'>esset</span> <span class='ocrx_word' id='word_1_93' title='bbox 1010 1203 1066 1267; x_wconf 93' lang='lat' dir='ltr'>po·</span> 
     </span>
     <span class='ocr_line' id='line_1_13' title="bbox 59 1269 1066 1337; baseline -0.002 -1"><span class='ocrx_word' id='word_1_94' title='bbox 59 1271 155 1336; x_wconf 83' lang='lat' dir='ltr'>steria</span> <span class='ocrx_word' id='word_1_95' title='bbox 189 1274 264 1335; x_wconf 91' lang='lat' dir='ltr'>ante</span> <span class='ocrx_word' id='word_1_96' title='bbox 296 1292 332 1335; x_wconf 87' lang='lat' dir='ltr'>os</span> <span class='ocrx_word' id='word_1_97' title='bbox 365 1270 591 1335; x_wconf 81' lang='lat' dir='ltr'>documentum</span> <span class='ocrx_word' id='word_1_98' title='bbox 618 1269 790 1337; x_wconf 81' lang='lat' dir='ltr'>Persarum</span> <span class='ocrx_word' id='word_1_99' title='bbox 823 1271 952 1336; x_wconf 90' lang='lat' dir='ltr'>sceleris</span> <span class='ocrx_word' id='word_1_100' title='bbox 986 1293 1066 1335; x_wconf 91' lang='lat' dir='ltr'>sem·</span> 
     </span>
     <span class='ocr_line' id='line_1_14' title="bbox 58 1357 1066 1444; baseline -0.003 -19"><span class='ocrx_word' id='word_1_101' title='bbox 58 1361 232 1444; x_wconf 87' lang='lat' dir='ltr'>piternum.</span> <span class='ocrx_word' id='word_1_102' title='bbox 277 1357 381 1433; x_wconf 80' lang='lat' dir='ltr'>Quam</span> <span class='ocrx_word' id='word_1_103' title='bbox 408 1359 518 1441; x_wconf 92' lang='lat' dir='ltr'>multi,</span> <span class='ocrx_word' id='word_1_104' title='bbox 544 1363 581 1423; x_wconf 89' lang='lat' dir='ltr'>ut</span> <span class='ocrx_word' id='word_1_105' title='bbox 608 1358 707 1424; x_wconf 81' lang='lat' dir='ltr'>Tauri</span> <span class='ocrx_word' id='word_1_106' title='bbox 734 1358 770 1424; x_wconf 89' lang='lat' dir='ltr'>in</span> <span class='ocrx_word' id='word_1_107' title='bbox 796 1358 917 1444; x_wconf 86' lang='lat' dir='ltr'>Axino,</span> <span class='ocrx_word' id='word_1_108' title='bbox 946 1363 983 1423; x_wconf 89' lang='lat' dir='ltr'>ut</span> <span class='ocrx_word' id='word_1_109' title='bbox 1010 1381 1066 1424; x_wconf 85' lang='lat' dir='ltr'>rex</span> 
     </span>
     <span class='ocr_line' id='line_1_15' title="bbox 59 1445 1066 1534; baseline -0.001 -21"><span class='ocrx_word' id='word_1_110' title='bbox 59 1447 205 1534; x_wconf 79' lang='lat' dir='ltr'>Aegypti</span> <span class='ocrx_word' id='word_1_111' title='bbox 226 1445 365 1532; x_wconf 87' lang='lat' dir='ltr'>Busiris,</span> <span class='ocrx_word' id='word_1_112' title='bbox 396 1450 433 1512; x_wconf 89' lang='lat' dir='ltr'>ut</span> <span class='ocrx_word' id='word_1_113' title='bbox 457 1445 557 1530; x_wconf 85' lang='lat' dir='ltr'>Galli,</span> <span class='ocrx_word' id='word_1_114' title='bbox 585 1450 621 1511; x_wconf 90' lang='lat' dir='ltr'>ut</span> <span class='ocrx_word' id='word_1_115' title='bbox 643 1446 756 1532; x_wconf 90' lang='lat' dir='ltr'>Poeni,</span> <span class='ocrx_word' id='word_1_116' title='bbox 783 1447 930 1512; x_wconf 88' lang='lat' dir='ltr'>homines</span> <span class='ocrx_word' id='word_1_117' title='bbox 953 1446 1066 1512; x_wconf 92' lang='lat' dir='ltr'>immo-</span> 
     </span>
     <span class='ocr_line' id='line_1_16' title="bbox 25 1535 1066 1621; baseline -0.003 -18"><span class='ocrx_word' id='word_1_118' title='bbox 25 1539 128 1603; x_wconf 83' lang='lat' dir='ltr'>1⁵lare</span> <span class='ocrx_word' id='word_1_119' title='bbox 156 1540 189 1602; x_wconf 91' lang='lat' dir='ltr'>et</span> <span class='ocrx_word' id='word_1_120' title='bbox 218 1535 308 1621; x_wconf 89' lang='lat' dir='ltr'>pium</span> <span class='ocrx_word' id='word_1_121' title='bbox 336 1539 369 1600; x_wconf 91' lang='lat' dir='ltr'>et</span> <span class='ocrx_word' id='word_1_122' title='bbox 396 1535 444 1599; x_wconf 90' lang='lat' dir='ltr'>dis</span> <span class='ocrx_word' id='word_1_123' title='bbox 471 1535 711 1600; x_wconf 65' lang='lat' dir='ltr'>immortalibus</span> <span class='ocrx_word' id='word_1_124' title='bbox 739 1537 973 1621; x_wconf 80' lang='lat' dir='ltr'>gratissumum</span> <span class='ocrx_word' id='word_1_125' title='bbox 996 1557 1066 1600; x_wconf 91' lang='lat' dir='ltr'>esse</span> 
     </span>
     <span class='ocr_line' id='line_1_17' title="bbox 59 1622 1065 1708; baseline -0.002 -18"><span class='ocrx_word' id='word_1_126' title='bbox 59 1625 234 1691; x_wconf 83' lang='lat' dir='ltr'>duxerunt!</span> <span class='ocrx_word' id='word_1_127' title='bbox 268 1623 365 1690; x_wconf 88' lang='lat' dir='ltr'>Vitae</span> <span class='ocrx_word' id='word_1_128' title='bbox 387 1644 464 1688; x_wconf 88' lang='lat' dir='ltr'>vero</span> <span class='ocrx_word' id='word_1_129' title='bbox 487 1623 639 1688; x_wconf 86' lang='lat' dir='ltr'>instituta</span> <span class='ocrx_word' id='word_1_130' title='bbox 662 1623 708 1688; x_wconf 87' lang='lat' dir='ltr'>sic</span> <span class='ocrx_word' id='word_1_131' title='bbox 731 1623 868 1708; x_wconf 91' lang='lat' dir='ltr'>distant,</span> <span class='ocrx_word' id='word_1_132' title='bbox 894 1627 931 1688; x_wconf 91' lang='lat' dir='ltr'>ut</span> <span class='ocrx_word' id='word_1_133' title='bbox 954 1622 1065 1688; x_wconf 84' lang='lat' dir='ltr'>Cretes</span> 
     </span>
     <span class='ocr_line' id='line_1_18' title="bbox 60 1711 1067 1796; baseline -0.004 -16"><span class='ocrx_word' id='word_1_134' title='bbox 60 1719 91 1780; x_wconf 91' lang='lat' dir='ltr'>et</span> <span class='ocrx_word' id='word_1_135' title='bbox 114 1712 229 1778; x_wconf 88' lang='lat' dir='ltr'>Aetoli</span> <span class='ocrx_word' id='word_1_136' title='bbox 254 1712 443 1778; x_wconf 87' lang='lat' dir='ltr'>latrocinari</span> <span class='ocrx_word' id='word_1_137' title='bbox 469 1711 641 1776; x_wconf 89' lang='lat' dir='ltr'>honestum</span> <span class='ocrx_word' id='word_1_138' title='bbox 668 1715 797 1796; x_wconf 89' lang='lat' dir='ltr'>putent,</span> <span class='ocrx_word' id='word_1_139' title='bbox 821 1711 1067 1776; x_wconf 83' lang='lat' dir='ltr'>Lacedaemonii</span> 
     </span>
     <span class='ocr_line' id='line_1_19' title="bbox 59 1799 1066 1887; baseline -0.005 -18"><span class='ocrx_word' id='word_1_140' title='bbox 59 1825 134 1869; x_wconf 90' lang='lat' dir='ltr'>suos</span> <span class='ocrx_word' id='word_1_141' title='bbox 155 1822 267 1866; x_wconf 93' lang='lat' dir='ltr'>omnes</span> <span class='ocrx_word' id='word_1_142' title='bbox 287 1823 383 1887; x_wconf 85' lang='lat' dir='ltr'>agros</span> <span class='ocrx_word' id='word_1_143' title='bbox 404 1822 474 1865; x_wconf 87' lang='lat' dir='ltr'>esse</span> <span class='ocrx_word' id='word_1_144' title='bbox 492 1799 681 1883; x_wconf 86' lang='lat' dir='ltr'>dictitarint,</span> <span class='ocrx_word' id='word_1_145' title='bbox 701 1799 706 1882; x_wconf 87' lang='grc' dir='ltr'>Ι</span> <span class='ocrx_word' id='word_1_146' title='bbox 727 1821 808 1883; x_wconf 91' lang='lat' dir='ltr'>quos</span> <span class='ocrx_word' id='word_1_147' title='bbox 832 1799 955 1884; x_wconf 89' lang='lat' dir='ltr'>spiculo</span> <span class='ocrx_word' id='word_1_148' title='bbox 975 1802 1017 1880; x_wconf 87' lang='lat' dir='ltr'>[p.</span> <span class='ocrx_word' id='word_1_149' title='bbox 1032 1815 1066 1864; x_wconf 82' lang='grc'>28</span> 
     </span>
     <span class='ocr_line' id='line_1_20' title="bbox 58 1887 1066 1978; baseline -0.006 -21"><span class='ocrx_word' id='word_1_150' title='bbox 58 1895 196 1978; x_wconf 89' lang='lat' dir='ltr'>possent</span> <span class='ocrx_word' id='word_1_151' title='bbox 223 1890 392 1976; x_wconf 84' lang='lat' dir='ltr'>attingere.</span> <span class='ocrx_word' id='word_1_152' title='bbox 437 1888 651 1953; x_wconf 87' lang='lat' dir='ltr'>Athenienses</span> <span class='ocrx_word' id='word_1_153' title='bbox 678 1887 785 1952; x_wconf 91' lang='lat' dir='ltr'>iurare</span> <span class='ocrx_word' id='word_1_154' title='bbox 813 1888 910 1952; x_wconf 88' lang='lat' dir='ltr'>etiam</span> <span class='ocrx_word' id='word_1_155' title='bbox 937 1887 1066 1972; x_wconf 88' lang='lat' dir='ltr'>publice</span> 
     </span>
     <span class='ocr_line' id='line_1_21' title="bbox 26 1975 1067 2061; baseline -0.006 -15"><span class='ocrx_word' id='word_1_156' title='bbox 26 1995 47 2032; x_wconf 78' lang='lat'>²⁰</span> <span class='ocrx_word' id='word_1_157' title='bbox 59 1980 212 2046; x_wconf 86' lang='lat' dir='ltr'>solebant</span> <span class='ocrx_word' id='word_1_158' title='bbox 239 1999 367 2042; x_wconf 91' lang='lat' dir='ltr'>omnem</span> <span class='ocrx_word' id='word_1_159' title='bbox 395 1999 487 2042; x_wconf 91' lang='lat' dir='ltr'>suam</span> <span class='ocrx_word' id='word_1_160' title='bbox 514 1998 584 2042; x_wconf 91' lang='lat' dir='ltr'>esse</span> <span class='ocrx_word' id='word_1_161' title='bbox 606 1981 742 2060; x_wconf 90' lang='lat' dir='ltr'>terram,</span> <span class='ocrx_word' id='word_1_162' title='bbox 770 1998 851 2061; x_wconf 90' lang='lat' dir='ltr'>quae</span> <span class='ocrx_word' id='word_1_163' title='bbox 874 1976 980 2040; x_wconf 91' lang='lat' dir='ltr'>oleam</span> <span class='ocrx_word' id='word_1_164' title='bbox 1002 1975 1067 2040; x_wconf 80' lang='lat' dir='ltr'>fru-</span> 
     </span>
     <span class='ocr_line' id='line_1_22' title="bbox 60 2063 1067 2157; baseline -0.006 -23"><span class='ocrx_word' id='word_1_165' title='bbox 60 2088 158 2157; x_wconf 84' lang='lat' dir='ltr'>gesve</span> <span class='ocrx_word' id='word_1_166' title='bbox 194 2066 310 2150; x_wconf 71' lang='lat' dir='ltr'>ferret,</span> <span class='ocrx_word' id='word_1_167' title='bbox 351 2064 441 2130; x_wconf 82' lang='lat' dir='ltr'>Galli</span> <span class='ocrx_word' id='word_1_168' title='bbox 476 2069 570 2150; x_wconf 89' lang='lat' dir='ltr'>turpe</span> <span class='ocrx_word' id='word_1_169' title='bbox 606 2086 676 2129; x_wconf 89' lang='lat' dir='ltr'>esse</span> <span class='ocrx_word' id='word_1_170' title='bbox 712 2066 833 2130; x_wconf 91' lang='lat' dir='ltr'>ducunt</span> <span class='ocrx_word' id='word_1_171' title='bbox 867 2063 1067 2128; x_wconf 88' lang='lat' dir='ltr'>frumentum</span> 
     </span>
     <span class='ocr_line' id='line_1_23' title="bbox 61 2151 1066 2240; baseline -0.007 -17"><span class='ocrx_word' id='word_1_172' title='bbox 61 2179 161 2223; x_wconf 90' lang='lat' dir='ltr'>manu</span> <span class='ocrx_word' id='word_1_173' title='bbox 194 2174 360 2239; x_wconf 88' lang='lat' dir='ltr'>quaerere,</span> <span class='ocrx_word' id='word_1_174' title='bbox 390 2155 500 2238; x_wconf 86' lang='lat' dir='ltr'>itaque</span> <span class='ocrx_word' id='word_1_175' title='bbox 532 2153 651 2218; x_wconf 88' lang='lat' dir='ltr'>armati</span> <span class='ocrx_word' id='word_1_176' title='bbox 682 2153 804 2219; x_wconf 87' lang='lat' dir='ltr'>alienos</span> <span class='ocrx_word' id='word_1_177' title='bbox 832 2173 929 2240; x_wconf 84' lang='lat' dir='ltr'>agros</span> <span class='ocrx_word' id='word_1_178' title='bbox 962 2151 1066 2216; x_wconf 88' lang='lat' dir='ltr'>deme·</span> 
     </span>
     <span class='ocr_line' id='line_1_24' title="bbox 59 2239 1119 2330; baseline -0.008 -19"><span class='ocrx_word' id='word_1_179' title='bbox 59 2249 148 2330; x_wconf 81' lang='lat' dir='ltr'>tunt3</span> <span class='ocrx_word' id='word_1_180' title='bbox 184 2265 244 2309; x_wconf 87' lang='lat' dir='ltr'>noa</span> <span class='ocrx_word' id='word_1_181' title='bbox 280 2265 357 2308; x_wconf 87' lang='lat' dir='ltr'>vero</span> <span class='ocrx_word' id='word_1_182' title='bbox 393 2241 564 2307; x_wconf 88' lang='lat' dir='ltr'>iustissimi</span> <span class='ocrx_word' id='word_1_183' title='bbox 599 2241 759 2325; x_wconf 88' lang='lat' dir='ltr'>homines,</span> <span class='ocrx_word' id='word_1_184' title='bbox 795 2242 851 2325; x_wconf 90' lang='lat' dir='ltr'>qui</span> <span class='ocrx_word' id='word_1_185' title='bbox 882 2239 1119 2326; x_wconf 81' lang='lat' dir='ltr'>Transalpi-16</span> 
     </span>
     <span class='ocr_line' id='line_1_25' title="bbox 59 2329 1066 2420; baseline -0.006 -20"><span class='ocrx_word' id='word_1_186' title='bbox 59 2357 119 2400; x_wconf 89' lang='lat' dir='ltr'>nas</span> <span class='ocrx_word' id='word_1_187' title='bbox 148 2333 256 2420; x_wconf 84' lang='lat' dir='ltr'>gentis</span> <span class='ocrx_word' id='word_1_188' title='bbox 285 2333 390 2397; x_wconf 87' lang='lat' dir='ltr'>oleam</span> <span class='ocrx_word' id='word_1_189' title='bbox 417 2333 451 2395; x_wconf 90' lang='lat' dir='ltr'>et</span> <span class='ocrx_word' id='word_1_190' title='bbox 477 2330 577 2395; x_wconf 87' lang='lat' dir='ltr'>vitem</span> <span class='ocrx_word' id='word_1_191' title='bbox 605 2351 711 2394; x_wconf 87' lang='lat' dir='ltr'>serere</span> <span class='ocrx_word' id='word_1_192' title='bbox 732 2350 799 2394; x_wconf 89' lang='lat' dir='ltr'>non</span> <span class='ocrx_word' id='word_1_193' title='bbox 821 2329 970 2413; x_wconf 89' lang='lat' dir='ltr'>sinimus,</span> <span class='ocrx_word' id='word_1_194' title='bbox 1003 2350 1066 2413; x_wconf 91' lang='lat' dir='ltr'>quo</span> 
     </span>
     <span class='ocr_line' id='line_1_26' title="bbox 28 2417 1068 2510; baseline -0.007 -23"><span class='ocrx_word' id='word_1_195' title='bbox 28 2435 48 2476; x_wconf 81' lang='lat'>²⁵</span> <span class='ocrx_word' id='word_1_196' title='bbox 60 2423 165 2510; x_wconf 89' lang='lat' dir='ltr'>pluris</span> <span class='ocrx_word' id='word_1_197' title='bbox 199 2421 265 2484; x_wconf 92' lang='lat' dir='ltr'>sint</span> <span class='ocrx_word' id='word_1_198' title='bbox 295 2423 409 2485; x_wconf 88' lang='lat' dir='ltr'>nostra</span> <span class='ocrx_word' id='word_1_199' title='bbox 441 2419 563 2483; x_wconf 87' lang='lat' dir='ltr'>oliveta</span> <span class='ocrx_word' id='word_1_200' title='bbox 593 2421 786 2500; x_wconf 85' lang='lat' dir='ltr'>nostraeque</span> <span class='ocrx_word' id='word_1_201' title='bbox 818 2417 944 2500; x_wconf 76' lang='lat' dir='ltr'>vineae,</span> <span class='ocrx_word' id='word_1_202' title='bbox 981 2417 1068 2500; x_wconf 87' lang='lat' dir='ltr'>quod</span> 
     </span>
     <span class='ocr_line' id='line_1_27' title="bbox 60 2504 1067 2592; baseline -0.01 -14"><span class='ocrx_word' id='word_1_203' title='bbox 60 2534 134 2578; x_wconf 89' lang='lat' dir='ltr'>oum</span> <span class='ocrx_word' id='word_1_204' title='bbox 164 2509 335 2592; x_wconf 86' lang='lat' dir='ltr'>faciamus,</span> <span class='ocrx_word' id='word_1_205' title='bbox 365 2507 541 2592; x_wconf 87' lang='lat' dir='ltr'>prudenter</span> <span class='ocrx_word' id='word_1_206' title='bbox 571 2505 677 2570; x_wconf 80' lang='lat' dir='ltr'>lacere</span> <span class='ocrx_word' id='word_1_207' title='bbox 709 2505 858 2587; x_wconf 88' lang='lat' dir='ltr'>dicimur,</span> <span class='ocrx_word' id='word_1_208' title='bbox 889 2504 975 2569; x_wconf 87' lang='lat' dir='ltr'>iuste</span> <span class='ocrx_word' id='word_1_209' title='bbox 1001 2525 1067 2568; x_wconf 90' lang='lat' dir='ltr'>non</span> 
     </span>
     <span class='ocr_line' id='line_1_28' title="bbox 61 2590 1065 2686; baseline -0.008 -22"><span class='ocrx_word' id='word_1_210' title='bbox 61 2597 216 2686; x_wconf 67' lang='lat' dir='ltr'>dicilmur,</span> <span class='ocrx_word' id='word_1_211' title='bbox 239 2601 276 2660; x_wconf 91' lang='lat' dir='ltr'>ut</span> <span class='ocrx_word' id='word_1_212' title='bbox 295 2595 496 2680; x_wconf 79' lang='lat' dir='ltr'>intellegatis</span> <span class='ocrx_word' id='word_1_213' title='bbox 516 2593 697 2678; x_wconf 88' lang='lat' dir='ltr'>discrepare</span> <span class='ocrx_word' id='word_1_214' title='bbox 716 2593 756 2658; x_wconf 91' lang='lat' dir='ltr'>ab</span> <span class='ocrx_word' id='word_1_215' title='bbox 776 2590 939 2677; x_wconf 86' lang='lat' dir='ltr'>aequitate</span> <span class='ocrx_word' id='word_1_216' title='bbox 958 2593 1000 2672; x_wconf 87' lang='lat' dir='ltr'>[p.</span> <span class='ocrx_word' id='word_1_217' title='bbox 1015 2607 1065 2658; x_wconf 84' lang='grc'>203</span> 
     </span>
     <span class='ocr_line' id='line_1_29' title="bbox 61 2681 1066 2774; baseline -0.011 -20"><span class='ocrx_word' id='word_1_218' title='bbox 61 2685 265 2774; x_wconf 88' lang='lat' dir='ltr'>sapientiam</span> <span class='ocrx_word' id='word_1_219' title='bbox 307 2684 474 2769; x_wconf 84' lang='lat' dir='ltr'>Lycurgus</span> <span class='ocrx_word' id='word_1_220' title='bbox 498 2686 620 2770; x_wconf 86' lang='lat' dir='ltr'>autem,</span> <span class='ocrx_word' id='word_1_221' title='bbox 646 2681 702 2745; x_wconf 93' lang='lat' dir='ltr'>ille</span> <span class='ocrx_word' id='word_1_222' title='bbox 725 2682 835 2766; x_wconf 78' lang='lat' dir='ltr'>legum</span> <span class='ocrx_word' id='word_1_223' title='bbox 859 2684 1066 2766; x_wconf 88' lang='lat' dir='ltr'>optumarum</span> 
     </span>
     <span class='ocr_line' id='line_1_30' title="bbox 61 2768 1067 2860; baseline -0.012 -17"><span class='ocrx_word' id='word_1_224' title='bbox 61 2782 93 2843; x_wconf 89' lang='lat' dir='ltr'>et</span> <span class='ocrx_word' id='word_1_225' title='bbox 117 2772 315 2860; x_wconf 86' lang='lat' dir='ltr'>aequissumi</span> <span class='ocrx_word' id='word_1_226' title='bbox 336 2773 416 2837; x_wconf 90' lang='lat' dir='ltr'>iuris</span> <span class='ocrx_word' id='word_1_227' title='bbox 438 2771 601 2855; x_wconf 87' lang='lat' dir='ltr'>inventor,</span> <span class='ocrx_word' id='word_1_228' title='bbox 624 2790 721 2856; x_wconf 82' lang='lat' dir='ltr'>agros</span> <span class='ocrx_word' id='word_1_229' title='bbox 744 2769 956 2855; x_wconf 88' lang='lat' dir='ltr'>locupletium</span> <span class='ocrx_word' id='word_1_230' title='bbox 978 2768 1067 2853; x_wconf 92' lang='lat' dir='ltr'>plebi</span> 
     </span>
    </p>
   </div>
   <div class='ocr_carea' id='block_1_3' title="bbox 28 2859 1120 2980">
    <p class='ocr_par' dir='ltr' id='par_1_3' title="bbox 28 2859 1120 2980">
     <span class='ocr_line' id='line_1_31' title="bbox 28 2859 1120 2980; baseline -0.011 -50"><span class='ocrx_word' id='word_1_231' title='bbox 28 2877 49 2918; x_wconf 84' lang='lat'>³0</span> <span class='ocrx_word' id='word_1_232' title='bbox 62 2869 99 2930; x_wconf 90' lang='lat' dir='ltr'>ut</span> <span class='ocrx_word' id='word_1_233' title='bbox 122 2862 257 2930; x_wconf 86' lang='lat' dir='ltr'>servitio</span> <span class='ocrx_word' id='word_1_234' title='bbox 280 2859 431 2927; x_wconf 89' lang='lat' dir='ltr'>colendos</span> <span class='ocrx_word' id='word_1_235' title='bbox 455 2859 551 2925; x_wconf 88' lang='lat' dir='ltr'>dedit.</span> <span class='ocrx_word' id='word_1_236' title='bbox 1078 2917 1120 2980; x_wconf 68' lang='lat'>10</span> 
     </span>
    </p>
   </div>
   <div class='ocr_carea' id='block_1_4' title="bbox 62 2994 1119 3123">
    <p class='ocr_par' dir='ltr' id='par_1_4' title="bbox 62 2994 1119 3123">
     <span class='ocr_line' id='line_1_32' title="bbox 62 2994 1119 3123; baseline -0.011 -15"><span class='ocrx_word' id='word_1_237' title='bbox 62 3039 398 3123; x_wconf 78' lang='lat' dir='ltr'>consuetudinumque</span> <span class='ocrx_word' id='word_1_238' title='bbox 416 3036 605 3121; x_wconf 87' lang='lat' dir='ltr'>describere,</span> <span class='ocrx_word' id='word_1_239' title='bbox 627 3057 693 3100; x_wconf 93' lang='lat' dir='ltr'>non</span> <span class='ocrx_word' id='word_1_240' title='bbox 716 3033 811 3100; x_wconf 93' lang='lat' dir='ltr'>modo</span> <span class='ocrx_word' id='word_1_241' title='bbox 834 3035 868 3100; x_wconf 90' lang='lat' dir='ltr'>in</span> <span class='ocrx_word' id='word_1_242' title='bbox 890 3037 941 3100; x_wconf 90' lang='lat' dir='ltr'>tot</span> <span class='ocrx_word' id='word_1_243' title='bbox 965 2994 1119 3120; x_wconf 73' lang='lat' dir='ltr'>genti-1⁷</span> 
     </span>
    </p>
   </div>
   <div class='ocr_carea' id='block_1_5' title="bbox 29 3122 1068 3638">
    <p class='ocr_par' dir='ltr' id='par_1_5' title="bbox 29 3122 1068 3638">
     <span class='ocr_line' id='line_1_33' title="bbox 61 3122 1066 3212; baseline -0.011 -17"><span class='ocrx_word' id='word_1_244' title='bbox 61 3132 122 3196; x_wconf 88' lang='lat' dir='ltr'>bus</span> <span class='ocrx_word' id='word_1_245' title='bbox 146 3129 250 3212; x_wconf 87' lang='lat' dir='ltr'>varia,</span> <span class='ocrx_word' id='word_1_246' title='bbox 274 3127 329 3192; x_wconf 90' lang='lat' dir='ltr'>sed</span> <span class='ocrx_word' id='word_1_247' title='bbox 350 3127 386 3192; x_wconf 89' lang='lat' dir='ltr'>in</span> <span class='ocrx_word' id='word_1_248' title='bbox 407 3147 473 3192; x_wconf 89' lang='lat' dir='ltr'>una</span> <span class='ocrx_word' id='word_1_249' title='bbox 494 3125 583 3209; x_wconf 89' lang='lat' dir='ltr'>urbe,</span> <span class='ocrx_word' id='word_1_250' title='bbox 604 3124 658 3190; x_wconf 79' lang='lat' dir='ltr'>ael</span> <span class='ocrx_word' id='word_1_251' title='bbox 679 3123 716 3188; x_wconf 91' lang='lat' dir='ltr'>in</span> <span class='ocrx_word' id='word_1_252' title='bbox 737 3123 798 3189; x_wconf 94' lang='lat' dir='ltr'>hac</span> <span class='ocrx_word' id='word_1_253' title='bbox 820 3123 902 3208; x_wconf 88' lang='lat' dir='ltr'>ipsa,</span> <span class='ocrx_word' id='word_1_254' title='bbox 924 3122 1066 3186; x_wconf 89' lang='lat' dir='ltr'>milliens</span> 
     </span>
     <span class='ocr_line' id='line_1_34' title="bbox 62 3208 1068 3300; baseline -0.012 -16"><span class='ocrx_word' id='word_1_255' title='bbox 62 3221 190 3284; x_wconf 88' lang='lat' dir='ltr'>mutata</span> <span class='ocrx_word' id='word_1_256' title='bbox 213 3217 441 3300; x_wconf 86' lang='lat' dir='ltr'>demonstrem,</span> <span class='ocrx_word' id='word_1_257' title='bbox 463 3218 502 3279; x_wconf 92' lang='lat' dir='ltr'>ut</span> <span class='ocrx_word' id='word_1_258' title='bbox 522 3213 576 3279; x_wconf 84' lang='lat' dir='ltr'>hic</span> <span class='ocrx_word' id='word_1_259' title='bbox 597 3212 678 3278; x_wconf 88' lang='lat' dir='ltr'>iuris</span> <span class='ocrx_word' id='word_1_260' title='bbox 695 3216 806 3277; x_wconf 88' lang='lat' dir='ltr'>noster</span> <span class='ocrx_word' id='word_1_261' title='bbox 824 3212 983 3295; x_wconf 86' lang='lat' dir='ltr'>interpres</span> <span class='ocrx_word' id='word_1_262' title='bbox 1002 3208 1068 3273; x_wconf 92' lang='lat' dir='ltr'>alia</span> 
     </span>
     <span class='ocr_line' id='line_1_35' title="bbox 29 3296 1067 3386; baseline -0.013 -13"><span class='ocrx_word' id='word_1_263' title='bbox 29 3318 148 3372; x_wconf 84' lang='lat' dir='ltr'>³⁵nunc</span> <span class='ocrx_word' id='word_1_264' title='bbox 173 3305 327 3370; x_wconf 89' lang='lat' dir='ltr'>Manilius</span> <span class='ocrx_word' id='word_1_265' title='bbox 359 3303 431 3369; x_wconf 87' lang='lat' dir='ltr'>iura</span> <span class='ocrx_word' id='word_1_266' title='bbox 463 3303 549 3368; x_wconf 90' lang='lat' dir='ltr'>dicat</span> <span class='ocrx_word' id='word_1_267' title='bbox 577 3322 648 3368; x_wconf 89' lang='lat' dir='ltr'>esse</span> <span class='ocrx_word' id='word_1_268' title='bbox 678 3300 717 3365; x_wconf 90' lang='lat' dir='ltr'>de</span> <span class='ocrx_word' id='word_1_269' title='bbox 746 3296 927 3386; x_wconf 67' lang='lat' dir='ltr'>muilierum</span> <span class='ocrx_word' id='word_1_270' title='bbox 955 3299 996 3377; x_wconf 89' lang='lat' dir='ltr'>[p.</span> <span class='ocrx_word' id='word_1_271' title='bbox 1016 3311 1067 3362; x_wconf 80' lang='grc'>204</span> 
     </span>
     <span class='ocr_line' id='line_1_36' title="bbox 62 3384 1068 3482; baseline -0.012 -22"><span class='ocrx_word' id='word_1_272' title='bbox 62 3395 183 3482; x_wconf 87' lang='lat' dir='ltr'>legatis</span> <span class='ocrx_word' id='word_1_273' title='bbox 206 3398 240 3459; x_wconf 84' lang='lat' dir='ltr'>et</span> <span class='ocrx_word' id='word_1_274' title='bbox 261 3392 505 3477; x_wconf 87' lang='lat' dir='ltr'>hereditatibus,</span> <span class='ocrx_word' id='word_1_275' title='bbox 528 3390 594 3456; x_wconf 89' lang='lat' dir='ltr'>alia</span> <span class='ocrx_word' id='word_1_276' title='bbox 617 3389 732 3455; x_wconf 75' lang='lat' dir='ltr'>solitu·</span> <span class='ocrx_word' id='word_1_277' title='bbox 756 3387 800 3453; x_wconf 85' lang='lat' dir='ltr'>ait</span> <span class='ocrx_word' id='word_1_278' title='bbox 819 3387 1004 3452; x_wconf 87' lang='lat' dir='ltr'>adulescens</span> <span class='ocrx_word' id='word_1_279' title='bbox 1023 3384 1068 3448; x_wconf 90' lang='lat' dir='ltr'>di·</span> 
     </span>
     <span class='ocr_line' id='line_1_37' title="bbox 63 3472 1068 3564; baseline -0.014 -14"><span class='ocrx_word' id='word_1_280' title='bbox 63 3505 134 3550; x_wconf 86' lang='lat' dir='ltr'>cere</span> <span class='ocrx_word' id='word_1_281' title='bbox 165 3483 309 3550; x_wconf 91' lang='lat' dir='ltr'>nondum</span> <span class='ocrx_word' id='word_1_282' title='bbox 335 3481 481 3550; x_wconf 90' lang='lat' dir='ltr'>Voconia</span> <span class='ocrx_word' id='word_1_283' title='bbox 509 3479 582 3564; x_wconf 89' lang='lat' dir='ltr'>lege</span> <span class='ocrx_word' id='word_1_284' title='bbox 611 3479 694 3562; x_wconf 86' lang='lat' dir='ltr'>lata;</span> <span class='ocrx_word' id='word_1_285' title='bbox 726 3497 808 3561; x_wconf 88' lang='lat' dir='ltr'>quae</span> <span class='ocrx_word' id='word_1_286' title='bbox 838 3475 967 3558; x_wconf 89' lang='lat' dir='ltr'>quidem</span> <span class='ocrx_word' id='word_1_287' title='bbox 996 3472 1068 3557; x_wconf 88' lang='lat' dir='ltr'>ipsa</span> 
     </span>
     <span class='ocr_line' id='line_1_38' title="bbox 115 3584 855 3638; baseline -0.009 0"><span class='ocrx_word' id='word_1_288' title='bbox 115 3595 172 3638; x_wconf 86' lang='lat' dir='ltr'>cro.</span> <span class='ocrx_word' id='word_1_289' title='bbox 185 3596 222 3638; x_wconf 86' lang='lat' dir='ltr'>rv</span> <span class='ocrx_word' id='word_1_290' title='bbox 242 3597 262 3637; x_wconf 80' lang='lat' dir='ltr'>a.</span> <span class='ocrx_word' id='word_1_291' title='bbox 822 3584 855 3632; x_wconf 92' lang='grc'>22</span> 
     </span>
    </p>
   </div>
   <div class='ocr_carea' id='block_1_6' title="bbox 0 0 1249 3936">
    <p class='ocr_par' dir='ltr' id='par_1_6' title="bbox 0 0 1249 3936">
     <span class='ocr_line' id='line_1_39' title="bbox 0 0 1249 3936; baseline 0 0"><span class='ocrx_word' id='word_1_292' title='bbox 0 0 1249 3936; x_wconf 95' lang='lat' dir='ltr'> </span> 
     </span>
    </p>
   </div>
  </div>
 </body>
</html>
