2476 3936
146 178 216 238 ΜΒ.
225 179 272 234 IV.
284 177 360 236 OAP.
372 185 413 235 ra.
425 185 440 246 s
451 185 493 248 14,
507 177 575 234 ΜΒ.
585 178 619 234 V.
629 178 722 250 Alae,
734 179 809 235 CAP.
822 186 845 248 1,
857 186 881 235 r.
892 187 906 247 s
919 188 994 238 1-3.
1013 182 1078 248 361.

140 323 269 406 Quaado
291 345 340 390 res
355 324 482 407 publiea
498 323 644 390 Romana
665 325 737 389 tolie
754 330 828 404 erat,
850 325 972 408 quatern
989 326 1080 392 ittam
1098 303 1116 426 ᾖ

74 414 215 479 elambit
234 411 416 491 Sallustius,
441 433 505 478 aaa
526 414 592 478 iem
608 415 745 496 pessima
767 433 804 479 oe
825 414 1078 497 flagitiosissima,

73 505 151 567 siout
177 502 242 584 ipse
270 503 329 580 ait,
357 503 411 567 sed
437 503 560 567 omnino
587 503 677 568 arella
703 507 770 566 erat
799 504 964 569 amandam
985 505 1080 569 istam

73 592 236 673 rationern,
264 610 359 672 qaam
388 590 553 672 disputatio
584 591 620 656 de
646 591 828 673 republica
849 593 930 657 irater
951 613 1080 675 mapaos

48 681 137 745 seius
161 683 226 743 tum
241 679 399 761 principes
421 679 526 744 atra
542 679 695 762 patefecit,
717 680 797 744 aar
817 681 909 745 etiam
925 681 991 763 ipse
1005 681 1080 746 Taz-

73 769 134 834 tius
155 787 220 832 nort
242 766 396 850 Scipionis
416 787 470 832 aee
492 769 673 850 cuiusquam
695 768 839 846 alteriue,
866 769 919 833 sed
939 789 995 834 sao
1016 789 1080 835 ser·

72 876 161 922 mone
179 856 302 938 bouem
319 857 354 920 ta
366 856 523 938 moabie
540 857 642 938 putati
659 856 732 922 iibri
749 861 978 923 wmmaanoto
987 857 1081 940 priua

70 945 176 1011 &arrii
191 948 299 1027 poetae
319 964 416 1023 versa
437 965 497 1026 pao
519 945 655 1010 diseat:

115 1033 290 1110 Moribus
313 1032 486 1117 antiquis
510 1055 571 1097 res
595 1035 675 1098 stat
697 1033 868 1098 Romana
889 1031 1081 1117 uirisque,

35 1145 59 1184 ro
72 1143 171 1208 quem
197 1121 329 1206 quidem
356 1121 412 1186 ille
439 1143 582 1205 versum,
613 1122 727 1204 inquit,
758 1123 810 1186 vel
837 1121 1000 1186 brevitate
1026 1123 1080 1186 vel

70 1211 211 1277 veritate
239 1213 406 1294 tamquam
429 1231 468 1274 ex
491 1211 622 1275 oraculo
645 1210 727 1275 mihi
749 1210 889 1294 quodam
913 1231 982 1275 esse
1006 1210 1081 1276 effa·

71 1304 126 1364 tua
149 1299 285 1363 ridetur.
327 1296 413 1363 Nam
435 1320 540 1383 nequo
562 1299 634 1382 viri,
655 1299 720 1363 nisi
742 1298 790 1364 ita
812 1302 941 1364 morata
964 1299 1080 1364 ciritae

70 1389 198 1470 fuisset,
220 1408 324 1471 neque
343 1409 459 1471 mores,
476 1387 540 1451 nisi
557 1386 593 1451 hi
610 1387 673 1451 riri
690 1387 917 1473 praefuissent,
936 1390 992 1452 aut
1010 1387 1081 1452 fun-

73 1478 151 1542 dare
181 1478 238 1540 aut
264 1479 334 1540 tam
364 1475 419 1539 diu
447 1479 558 1540 tenere
584 1475 769 1560 potuissent
796 1480 923 1541 tantam
951 1479 984 1540 et
1010 1479 1080 1540 tam

36 1586 60 1627 15
72 1565 144 1630 fuse
167 1565 297 1648 lateque
320 1564 534 1648 imperantem
558 1585 626 1628 rem
649 1564 821 1648 publicam.
865 1563 981 1646 Itaque
1005 1567 1081 1628 ante

72 1657 222 1719 nostram
249 1651 438 1718 memoriam
465 1655 499 1717 et
526 1673 596 1716 mos
623 1651 694 1737 ipse
720 1651 847 1736 patrius
875 1655 1080 1736 praestantes

73 1743 162 1807 viros
191 1739 379 1826 adhibebat,
406 1743 440 1806 et
466 1743 609 1805 veterem
636 1761 760 1806 morem
788 1762 825 1804 ae
853 1739 1012 1804 maiorum
1035 1739 1081 1804 in·

75 1831 193 1895 stituta
214 1828 399 1894 retinebant
422 1830 615 1894 excellentes
637 1827 710 1896 viri.
745 1826 870 1894 Nostra
891 1839 969 1892 vero
988 1830 1115 1892 natast

74 1941 149 1984 eum
166 1939 235 1983 rem
253 1917 418 2002 publieam
437 1917 519 1982 siout
538 1917 699 2003 picturam
714 1916 890 2002 accepisset
904 1916 1080 2001 egregiam,

37 2028 61 2068 ro
74 2009 131 2072 sed
158 2006 225 2072 iam
253 2010 495 2072 evaneseentem
522 2009 699 2090 vetustate,
727 2027 794 2070 non
816 2003 912 2070 modo
935 2026 1008 2068 eam
1030 2026 1081 2070 oo-

74 2096 200 2162 loribus
224 2094 358 2179 eisdem,
384 2095 499 2178 quibus
522 2094 642 2178 fuerat,
665 2099 821 2160 renbvare
843 2093 1001 2180 neglexit,
1025 2093 1081 2158 sed

73 2207 114 2249 ne
142 2184 177 2248 id
203 2183 331 2268 quidem
355 2183 493 2268 curavit,
520 2187 557 2248 ut
578 2183 718 2248 formam
741 2183 859 2248 saltem
882 2183 950 2248 eius
974 2185 1007 2247 et
1030 2203 1081 2246 ex-

74 2278 182 2338 trema
208 2276 376 2357 tamquam
398 2271 589 2336 liniamenta
612 2274 764 2336 servaret.
801 2269 885 2346 Quid
908 2270 993 2334 enim
1017 2292 1082 2334 ma·

74 2366 131 2427 net
160 2383 199 2426 ex
227 2361 368 2445 antiquis
391 2360 549 2444 moribus,
577 2360 694 2443 quibus
717 2360 774 2424 ille
798 2359 879 2423 dixit
901 2379 971 2422 rem
994 2362 1083 2423 stare

37 2471 62 2510 rs
75 2450 282 2516 Romanam?
310 2471 390 2534 quos
413 2449 461 2514 ita
484 2448 646 2513 oblivione
670 2447 835 2513 obsoletos
857 2446 1018 2530 ridemus,
1045 2449 1084 2510 ut

75 2561 143 2605 non
164 2538 260 2604 modo
283 2559 349 2603 non
367 2537 525 2620 colantur,
548 2536 604 2601 sed
621 2536 688 2600 iam
706 2536 906 2621 ignorentur.
937 2533 1025 2598 Nam
1044 2534 1083 2598 de

74 2628 156 2694 viris
184 2627 261 2711 quid
287 2626 414 2690 dieam‘?
450 2624 557 2690 Mores
586 2624 671 2690 enim
698 2624 763 2709 ipsi
784 2621 977 2687 interierunt
999 2622 1083 2687 viro·

75 2738 150 2780 rum
182 2715 329 2800 penuria,
361 2714 450 2780 euius
483 2712 568 2778 tanti
597 2712 677 2777 mali
703 2733 769 2777 non
796 2710 892 2775 modo
921 2710 1084 2775 reddenda

75 2804 163 2869 ratio
185 2803 294 2886 nobis,
323 2803 378 2867 sed
401 2802 501 2868 etiam
523 2805 691 2886 tamquam
714 2799 778 2864 reis
802 2798 918 2883 eapitis
943 2799 1083 2883 quodam

38 2912 63 2952 ao
76 2891 174 2958 modo
194 2891 327 2957 dicenda
346 2911 442 2955 eausa
460 2894 519 2956 est.
551 2889 683 2955 Nostris
702 2888 787 2953 enim
806 2886 905 2972 uitiis,
923 2909 989 2952 non
1007 2909 1085 2952 casu

78 2982 202 3065 aliquo,
232 3001 301 3044 rem
328 2978 492 3065 publieam
515 2980 615 3044 verbo
638 2977 828 3060 retinemus,
855 2997 890 3040 re
912 2975 985 3060 ipsa
1007 2997 1084 3040 vero

76 3070 144 3134 iam
162 3068 288 3154 pridem
306 3067 482 3133 amisimus.
518 3068 606 3132 Haeo
624 3065 727 3132 Oioero
743 3066 899 3147 fatebatur
918 3064 1003 3146 aaa
1019 3063 1085 3144 pui-

77 3161 146 3225 dem
162 3163 235 3242 post
255 3162 382 3223 mortem
403 3156 564 3236 Africam,
591 3175 679 3236 ortem
701 3156 737 3220 ia
758 3155 824 3220 sare
846 3152 935 3218 libris
955 3152 1029 3232 feeit
1049 3152 1086 3216 de

76 3268 111 3311 re
137 3247 264 3329 potitae
294 3247 459 3327 disputare.
504 3244 714 3328 (Augustinus
744 3244 781 3308 de
807 3243 861 3308 eie.
888 3240 938 3306 dei
963 3238 1010 3304 ΙΙ
1033 3243 1086 3317 21,

39 3355 64 3395 aa
79 3337 162 3400 Nora.
185 3338 257 3400 417.
280 3332 326 3416 7.)

145 3422 226 3487 nibil
252 3441 313 3487 esse
339 3427 404 3486 tom
431 3421 541 3508 regale
567 3441 664 3505 quam
687 3416 948 3504 explanationem
972 3416 1013 3495 [p.
1033 3429 1120 3510 2473

79 3510 269 3596 aequitatiS,
300 3509 335 3574 in
363 3530 427 3593 qua
453 3509 534 3572 iuris
563 3511 633 3572 erat
655 3507 896 3592 interpretatio,
926 3503 1012 3589 quod
1035 3502 1085 3567 ius
