2476 3936
274 191 341 245 nra.
361 191 381 244 1.
401 191 477 248 oAP.
497 199 610 248 es—ra
630 198 645 259 a
664 199 776 249 er-ro.
963 195 1031 261 303

47 351 155 415 norum,
181 334 367 420 eademque·
382 335 485 401 oritur
508 336 607 401 etiam
631 358 670 402 ex
690 337 750 403 illo
774 359 869 424 saepe
892 337 1029 424 optima-

48 418 113 486 tium
123 422 279 508 praeclaro
296 427 394 508 statu,
416 443 489 490 cum
508 425 597 508 ipsos
615 426 776 511 principes
796 427 906 511 aliqua
924 429 1029 512 pravi·

47 510 86 570 tas
106 509 140 574 de
161 511 213 576 via
235 511 371 576 deflexit.
412 509 465 578 Sic
487 516 655 597 tamquam
675 515 776 600 pilam
794 516 926 600 rapiunt
943 516 1030 581 inter

48 616 72 658 se
90 597 131 661 rei
151 599 298 684 publicae
322 603 445 666 statum
468 601 599 686 tyranni
622 602 663 667 ab
686 603 828 689 regibus,
851 604 892 669 ab
914 604 957 669 iis
975 627 1029 669 an·

30 685 98 748 rten
117 687 273 788 principes
297 693 354 754 aut
375 689 502 774 populi,
529 712 549 754 a
572 690 688 774 quibus
712 695 768 756 aut
790 691 948 758 factiones
972 696 1029 758 ant

47 775 169 859 tyrann,
193 798 253 842 nec
274 775 396 844 diutius
417 799 571 862 umquam
594 782 724 845 tenetur
745 779 832 845 idem
854 780 901 844 rei
923 780 1028 866 publi-

47 881 87 925 cae
106 864 224 930 modus.

97 949 181 1026 Quod
198 953 248 1018 ita
265 975 338 1020 curn
359 954 411 1039 sit,
430 971 466 1020 eo
484 955 588 1019 tribus
607 955 721 1040 primis
741 956 913 1041 generibus
931 923 1082 1051 longessfg

46 1044 170 1119 praestat
195 1065 268 1107 mea
291 1043 453 1108 sententia
474 1044 614 1128 regium,
638 1043 643 1128 Ι
667 1043 757 1130 regio
782 1049 891 1110 autem
915 1047 956 1125 [p.
977 1061 1028 1110 134

25 1141 38 1180 11
47 1125 94 1208 ipsi
113 1131 290 1212 praestabit
312 1130 354 1214 id,
377 1131 462 1215 quod
485 1131 548 1196 crit
567 1136 741 1217 aequatum
760 1136 1028 1220 attemperatum

47 1217 180 1284 extribus
194 1219 328 1303 optimis
342 1239 450 1286 rerum
464 1220 666 1304 publicarum
681 1221 794 1286 modis.
816 1220 928 1287 Placet
943 1221 1027 1286 enim

47 1323 100 1369 essa
119 1307 269 1390 quiddam
291 1307 326 1372 in
347 1329 382 1372 re
404 1308 535 1392 publica
556 1312 728 1394 praestans
751 1313 784 1374 et
806 1311 930 1396 regale,
958 1331 1028 1375 esse

47 1389 115 1458 aliud
145 1395 333 1461 auctoritati
363 1396 546 1480 principum
572 1396 765 1481 inpartitum
794 1419 831 1463 ao
858 1398 1028 1483 tributum,

48 1499 101 1545 esse
123 1484 279 1570 quasdam
305 1504 357 1550 res
385 1489 530 1550 servatas
558 1483 676 1551 indicio
699 1486 924 1571 voluntatique
948 1487 1037 1551 mul*

24 1581 38 1620 11
47 1565 177 1637 titudinis.
224 1571 313 1638 Haec
341 1573 531 1638 constitutio
557 1573 698 1658 primum
725 1573 825 1638 habet
853 1575 1028 1659 aequabili-

46 1657 127 1724 tatem
148 1660 310 1745 quandam
333 1681 495 1747 magnam,
518 1683 582 1745 qua
605 1682 713 1727 carere
736 1660 857 1725 diutius
879 1663 933 1726 vix
955 1684 1028 1748 pos·

46 1749 103 1810 sunt
126 1748 242 1836 thesri,
270 1749 382 1815 deinde
405 1749 648 1834 firmitudinem,
672 1749 757 1833 quod
781 1753 813 1814 ct
835 1750 893 1814 illa
916 1753 956 1830 [p.
978 1767 1027 1817 ¹63
1099 1760 1101 1764 '

45 1832 129 1913 prima
145 1836 241 1903 facile
259 1837 293 1902 in
311 1838 474 1903 contraria
491 1838 572 1902 vitia
592 1841 832 1921 convertuntur,
854 1841 891 1902 ut
909 1839 1028 1903 existat

46 1939 74 1983 ex
84 1943 151 2010 rege
165 1926 323 2011 dominus,
337 1948 376 1990 ex
391 1925 604 2010 optimatibus
618 1925 728 2010 facti0,
743 1947 781 1990 ex
794 1925 916 2011 populo
930 1928 1028 1992 turba

23 2011 69 2071 tet
86 2013 233 2098 confusio,
256 2013 404 2098 quodque
422 2014 494 2100 ipsa
513 2035 632 2100 genera
651 2014 822 2100 generibus
842 2036 937 2099 saepe
956 2037 1028 2080 con·

45 2103 189 2167 mutantur
216 2103 323 2186 novis,
350 2103 412 2168 hoc
434 2102 468 2166 in
490 2102 553 2167 hac
574 2101 685 2167 iuncta
708 2101 936 2186 moderateque
958 2125 1028 2188 per-

45 2185 127 2254 mixta
147 2190 403 2256 conformatione
426 2190 473 2255 rei
495 2190 645 2275 publicae
667 2211 733 2255 non
755 2189 856 2255 ferme
876 2192 944 2256 sine
964 2214 1029 2256 ma·

46 2275 106 2356 gnis
128 2279 309 2364 principum
341 2278 431 2344 vitiis
463 2279 579 2343 evenit.
628 2275 704 2342 Non
736 2282 786 2343 est
817 2278 903 2343 enim
932 2301 1029 2345 causa

45 2367 255 2450 conversionis,
282 2367 338 2432 ubi
365 2367 399 2432 in
427 2387 485 2432 suo
510 2365 515 2449 Ι
540 2365 675 2450 quisque
705 2371 756 2431 est
786 2366 888 2452 gradu
916 2369 956 2446 [p.
977 2383 1028 2432 164

23 2448 160 2520 sfirmirer
185 2455 364 2522 collocatus
395 2458 428 2522 et
450 2476 517 2521 non
539 2454 664 2538 subest,
692 2475 755 2538 qno
778 2454 1028 2539 praecipitetur

45 2535 156 2609 decidat.
1036 2595 1079 2658 46

94 2627 151 2697 Sed
177 2652 304 2716 vereor,
332 2629 425 2697 Laeli
451 2653 572 2716 vosque
599 2630 747 2696 homines
776 2631 963 2697 amicissimi
991 2654 1027 2697 ac
1047 2672 1080 2722 70

44 2717 274 2805 prudentissimi,
292 2741 342 2804 ne,
360 2719 389 2784 si
408 2719 527 2785 diutius
546 2719 580 2784 in
593 2718 655 2785 hoe
670 2740 787 2805 genere
802 2739 919 2801 verser,
934 2720 1028 2803 quasi

44 2808 251 2894 praecipientis
282 2808 448 2874 cuiusdam
476 2811 509 2872 et
537 2807 681 2873 docentis
709 2810 742 2871 et
768 2828 835 2872 non
862 2807 1029 2873 vobiscum

23 2888 122 2958 *simul
144 2896 376 2962 considerantis
399 2918 470 2962 esse
496 2895 644 2962 videatur
671 2895 776 2960 oratio
799 2916 880 2960 mea.
925 2893 1029 2971 Quam

44 2977 75 3042 ob
102 3005 167 3050 rem
196 2984 360 3071 ingrediar
391 2986 426 3048 in
457 3006 508 3069 ea,
540 3005 622 3068 quae
653 2987 733 3049 nota
765 2986 841 3047 sunt
870 2984 1029 3068 omnibus,

44 3072 173 3147 quaesita
199 3076 309 3139 autem
336 3095 357 3138 a
382 3073 476 3138 nobis
503 3073 570 3137 iam
592 3072 655 3137 diu.
701 3069 754 3137 Sic
776 3071 861 3136 eninr
886 3071 1029 3154 decerno,

44 3153 79 3220 sie
96 3156 99 3240 t
118 3161 231 3245 sentio,
254 3161 300 3227 sie
323 3160 468 3244 adfirmo,
489 3161 614 3225 nullam
633 3159 777 3225 omnium
794 3179 901 3224 rerum
922 3161 961 3239 [p.
978 3175 1027 3224 111

44 3245 228 3323 publicarum
250 3253 307 3314 aut
329 3248 559 3315 constitutione
581 3252 639 3314 aut
661 3247 869 3332 discriptione
893 3251 948 3310 aut
968 3247 1029 3311 dis·

23 3329 146 3415 triplina
168 3337 393 3403 conferendam
416 3358 486 3402 esse
509 3359 582 3403 cum
605 3359 652 3422 ea,
675 3357 772 3422 quam
794 3338 905 3420 patres
924 3335 1028 3400 nostri

42 3421 121 3488 uobis
156 3429 320 3515 acceptam
356 3426 422 3491 iam
453 3424 526 3490 inde
559 3447 579 3490 a
609 3425 787 3490 maioribus
818 3423 1028 3506 reliquerunt.

44 3501 144 3594 Quam,
175 3514 204 3579 si
234 3515 353 3600 placet,
385 3513 539 3598 quoniam
570 3535 621 3598 ea,
653 3534 734 3598 quae
765 3511 926 3576 tenebatis
956 3510 1028 3596 ipsi,
