2510 3936
165 215 233 279 424
559 210 608 266 na
627 211 781 267 1111111

165 360 345 445 prodantur
372 363 417 444 et,
446 361 484 423 ut
510 359 546 422 in
571 358 644 444 lege
666 358 773 442 posui,
803 361 962 445 perpetua
984 359 1054 424 sint
1076 383 1181 427 sacra.

112 464 147 513 48
165 447 287 531 tHaee
309 448 416 533 posito
437 447 517 512 haec
539 447 612 511 iura
634 447 825 531 pontificum
847 447 1046 530 auctoritate
1069 471 1181 514 conse·

167 541 242 602 cute
265 540 349 619 sunt,
372 540 417 620 ut,
439 557 479 600 ne
503 538 608 599 morte
631 534 735 620 patris
758 535 901 600 familias
925 557 1095 602 sacrorum
1115 560 1180 604 111

166 625 271 690 moria
284 624 452 708 occideret,
469 624 510 689 iis
525 627 634 688 essent
647 645 686 688 ea
699 623 859 707 adiuncta,
878 623 920 689 ad
934 646 1019 710 quos
1033 626 1179 692 eiusdem

166 716 271 779 morte
292 713 430 798 pecunia
452 713 584 778 venerit.
625 710 698 778 Hoc
719 733 783 777 uno
806 713 924 798 posito,
948 714 1037 797 quod
1061 715 1177 780 estad
1204 735 1217 774 1

166 801 385 887 cognitionem
404 801 592 886 disciplinae
612 801 704 885 satia,
721 800 972 866 innumerabilia
988 807 1179 888 nascuntur,

54 889 57 892 ’
167 891 283 974 quibus
306 890 484 974 implentur
506 889 586 954 iuris
610 889 833 954 consultorum
855 888 946 974 libri3
974 896 1178 974 quaeruntur

167 981 262 1063 enim,
285 979 341 1064 qui
363 979 587 1064 astringantur
610 978 721 1043 sacris.
758 975 923 1042 Heredum
946 1000 1047 1044 causa
1069 980 1178 1044 iustis-

166 1066 250 1132 sima
273 1071 336 1150 est3
358 1067 451 1131 nulla
469 1071 520 1132 est
537 1065 623 1131 enim
642 1087 790 1151 persona,
813 1087 896 1150 quae
915 1067 957 1131 ad
974 1067 1082 1133 vicem
1100 1069 1177 1151 eius,

166 1155 222 1240 qui
252 1177 269 1220 e
296 1155 365 1221 vita
393 1154 574 1240 emigrarit,
605 1155 740 1240 propius
766 1155 906 1220 accedat.
952 1154 1094 1241 Deinde,
1122 1158 1178 1242 qui
1192 1181 1216 1219 ro

166 1246 271 1308 morte
298 1247 536 1308 testamentove
560 1243 628 1308 eius
651 1241 842 1308 tantundem
866 1243 988 1328 capiat,
1017 1249 1177 1328 quantum

166 1351 277 1394 omnes
305 1330 447 1396 heredes.
493 1329 531 1395 Id
559 1352 687 1414 quoque
716 1331 841 1415 ordine3
873 1335 924 1396 est
951 1332 1040 1398 enim
1071 1335 1113 1399 ad
1135 1334 1177 1420 id,

166 1418 252 1502 quod
283 1418 490 1503 propositum
518 1421 581 1504 est,
614 1419 904 1485 adcommodatum.
949 1419 1064 1486 Tertio
1095 1423 1176 1508 loco,

165 1505 311 1572 sinemo
335 1507 378 1571 sit
400 1506 504 1591 heres,
526 1507 564 1592 is,
588 1508 645 1591 qui
667 1509 705 1572 de
729 1507 832 1592 bouis,
855 1529 938 1592 quae
955 1509 1027 1574 eius
1045 1509 1177 1595 fuerint,

165 1616 264 1679 quom
305 1595 458 1679 moritur,
498 1616 559 1661 usu
599 1596 721 1682 ceperit
755 1596 933 1681 plurimum
969 1599 1176 1682 possidendo.
1192 1623 1216 1662 1⁵

165 1682 301 1767 Quarto,
329 1685 398 1769 qui,
426 1684 571 1749 sinemo
596 1683 652 1768 sit,
679 1685 735 1769 qui
757 1685 860 1751 ullam
882 1707 952 1750 rem
976 1687 1114 1773 ceperit,
1138 1688 1176 1753 da

114 1785 148 1834 41
168 1771 381 1836 creditoribus
405 1772 473 1836 eius
496 1771 673 1857 plurimum
696 1777 811 1838 servet
846 1771 1004 1839 Extrema
1027 1775 1176 1860 11111111-

165 1879 245 1924 sona
267 1863 331 1945 111,
353 1860 455 1944 1111,
478 1861 506 1924 11
530 1861 584 1944 qui
607 1861 651 1944 ei,
678 1861 734 1945 qui
756 1866 904 1927 mortuus
927 1862 980 1948 111,
1002 1865 1175 1948 pecuniam

165 1947 312 2012 debuerit
341 1948 527 2033 neminique
558 1970 630 2013 eam
657 1949 805 2032 solverit,
840 1949 978 2035 proinde
1004 1951 1174 2036 habeatur,

166 2035 259 2118 quasi
282 2057 354 2100 eam
377 2037 545 2120 pecuniam
569 2037 698 2122 ceperit.
1188 2063 1214 2102 eo

112 2125 156 2190 20
231 2121 321 2188 Haec
347 2145 407 2189 nos
435 2146 455 2189 a
478 2123 634 2190 Scaevola
658 2124 825 2190 didicimus
847 2147 915 2191 non
937 2127 986 2193 ita
1009 2128 1175 2215 descripta

165 2210 206 2274 ab
237 2209 389 2293 antiquis.
434 2209 520 2276 Nam
547 2213 597 2278 illi
626 2213 754 2297 quidem
783 2213 834 2278 his
862 2215 971 2280 verbis
999 2216 1174 2284 docebant:

164 2297 270 2362 tribus
298 2298 402 2363 modis
431 2301 531 2366 sacris
560 2301 734 2388 adstringi,
761 2304 818 2366 aut
840 2302 1036 2389 hereditate,
1064 2311 1122 2372 aut
1145 2309 1174 2372 si

163 2386 320 2452 maiorem
342 2391 470 2473 partem
492 2389 646 2474 pecuniae
670 2389 790 2475 capiat,
817 2395 886 2476 aut,
914 2393 943 2457 si
966 2395 1075 2460 maior
1095 2417 1173 2481 pars

111 2487 146 2538 50
163 2475 317 2558 pecuniae
347 2476 459 2562 legata
487 2480 550 2561 est,
580 2477 609 2542 si
635 2478 710 2543 inde
737 2479 903 2563 quippiam
931 2483 1063 2566 ceperit.
1109 2482 1173 2549 Sed
1187 2505 1213 2545 11

162 2563 348 2648 pontificem
381 2585 562 2648 sequamur.
607 2565 735 2631 Videtis
766 2566 868 2652 igitur
894 2570 1006 2635 omnia
1031 2571 1172 2656 pendere

163 2672 202 2715 ex
227 2673 292 2716 uno
319 2652 392 2736 illo,
420 2653 506 2736 quod
531 2654 700 2737 pontifices
728 2675 801 2720 cum
823 2658 960 2741 pecunia
982 2680 1077 2726 sacra
1099 2681 1172 2726 con-

89 2811 95 2816 ,
161 2737 254 2825 iungi
272 2741 389 2805 volunt
406 2740 572 2826 isdemque
589 2742 688 2807 ferias
707 2745 740 2808 et
757 2744 969 2810 caerimonias
988 2748 1173 2814 adscriben-

162 2826 220 2891 das
243 2832 368 2911 putant.
415 2827 524 2913 Atque
547 2831 646 2895 etiarn
669 2831 748 2895 dant
770 2831 832 2898 hoc
855 2830 1043 2921 Scaevolae,
1071 2859 1171 2922 quom

162 2917 213 2978 est
235 2916 380 3000 partitio,
402 2920 449 3000 ut,
472 2917 500 2982 si
522 2919 557 2983 in
579 2922 775 2984 testamento
799 2920 936 2987 deducta
958 2924 1083 3008 scripta
1104 2945 1213 2992 nonso

163 3000 206 3066 sit
233 3001 360 3088 ipsique
387 3004 674 3090 minusceperint,
702 3027 799 3092 quam
823 3011 973 3076 omnibns
996 3012 1170 3079 heredibus

161 3088 378 3174 relinquatur,
411 3093 511 3157 sacris
538 3116 579 3158 ne
609 3096 793 3182 alligentur.
838 3097 878 3162 In
905 3099 1080 3166 donatione
1108 3103 1170 3168 hoc

160 3177 259 3242 iidem
282 3199 372 3244 secus
395 3178 660 3266 interpretantur,
683 3189 724 3268 et,
748 3185 834 3270 quod
856 3191 950 3272 pater
971 3188 1117 3255 familias
1135 3191 1171 3256 in

161 3265 231 3330 eius
249 3265 431 3352 donatione,
455 3269 510 3352 qui
528 3270 562 3334 in
579 3270 682 3355 ipsius
700 3277 865 3357 potestate
884 3280 942 3359 est,
965 3277 1170 3365 adprobavit,

161 3356 269 3417 ratum
292 3359 355 3439 est,
379 3357 465 3440 quod
488 3378 525 3421 eo
548 3357 704 3425 insciente
726 3361 850 3427 factum
873 3368 932 3447 est,
955 3364 984 3429 si
1003 3365 1038 3429 id
1054 3366 1085 3431 is
1103 3386 1210 3434 nou³⁵

107 3448 141 3498 ⁶1
161 3438 334 3524 adprobat,
363 3447 471 3507 ratum
498 3465 565 3508 non
592 3450 651 3510 est.
696 3447 757 3513 His
780 3451 959 3535 propositis
983 3456 1170 3537 quaestiun-

159 3526 251 3592 culae
274 3529 397 3594 multae
415 3535 601 3616 nascuntur,
625 3555 714 3619 quas,
738 3538 794 3622 qui
812 3538 986 3626 intellegat
1007 3541 1117 3629 11111,
1141 3545 1172 3610 si
