2452 3938
297 167 363 224 nm.
382 167 417 225 11.
441 167 518 226 cAP.
537 174 650 224 ae-ae.
673 175 689 236 s
708 176 820 226 er-co.
997 171 1062 234 217

17 349 18 364 κ
70 310 142 376 llum
165 311 268 397 igitur
290 311 353 377 hoo
375 312 497 377 animal
519 316 588 378 tam
612 313 656 376 sit
678 333 832 378 canorum
856 333 914 378 sua
937 318 1062 399 sponte,

17 427 19 486 ς
71 399 137 483 quid
161 399 197 464 in
223 403 364 464 mentem
391 400 481 464 venit
508 398 702 466 Callistheni
730 400 833 466 dicere
861 402 937 466 deos
965 403 1062 488 gellis

17 501 18 560 ff
71 488 188 638 sqqnum
212 487 336 640 dedds'se
352 488 520 641 tqantandi,
542 508 615 555 oum
637 488 671 552 id
691 489 745 552 vel
762 492 881 554 natura
898 491 951 555 vel
969 512 1062 556 casus

49 595 83 718 ⁶e
115 596 436 749 odediigldiuelspsiluisse
464 662 590 729 senatui
612 663 797 730 nuntiatum
821 669 884 751 est,
901 666 1062 732 Atratum
1072 627 1115 754 ἓξ

17 761 18 838 j
69 750 156 816 etiam
175 752 312 817 fiuvium
329 751 459 816 fluxisse
478 751 645 836 sanguine,
665 752 797 818 deorum
816 754 948 818 sudasse
967 756 1063 820 simu-

17 843 19 902 l
68 839 153 904 lacta.
198 838 288 904 Num
310 859 420 905 censes
443 839 494 904 his
516 840 639 904 nuntiis
663 839 788 904 Thalen
812 845 868 906 aut
891 840 1064 930 Anaxago-

17 1013 18 1020 ,
68 947 117 990 ran
142 931 200 992 cut
228 949 422 1012 quemquam
443 926 613 1012 physicum
636 928 833 993 crediturum
855 929 978 995 fuisse?
1005 953 1063 996 neo

69 1014 142 1079 enim
164 1015 300 1100 sanguis
322 1037 382 1080 nec
400 1013 497 1080 sudor
514 1015 578 1080 nisi
596 1037 614 1080 e
632 1037 774 1100 corpore.
806 1014 869 1081 Sed
887 1020 920 1081 et
939 1017 1064 1083 decolo-

41 1116 59 1156 1⁰
68 1102 142 1167 ratio
171 1103 331 1188 quaedam
354 1104 525 1188 exaliqua
548 1104 740 1189 contagione
763 1107 892 1170 terrena
914 1126 1064 1170 maxume

17 1209 19 1248 ;
68 1194 166 1272 potest
190 1191 343 1278 sanguini
367 1191 482 1255 similis
505 1213 585 1276 esse,
608 1195 641 1256 et
663 1207 757 1257 umor
775 1192 927 1277 adlapsus
946 1195 1064 1258 extrin-

17 1319 18 1334 ÷
69 1297 157 1362 secus,
178 1282 219 1344 ut
240 1279 275 1343 in
297 1279 442 1344 tectoriis
460 1279 606 1344 ridemus
625 1283 745 1363 austro,
769 1280 918 1345 sudorem
935 1283 1065 1348 videtur

17 1379 19 1402 ³
68 1364 187 1433 imitari.
229 1365 340 1451 Atque
367 1367 446 1432 haec
468 1367 504 1431 in
525 1367 614 1432 bello
636 1369 731 1453 plura
753 1372 787 1433 et
810 1371 935 1435 maiora
956 1371 1064 1437 viden-

69 1455 113 1517 tur
139 1454 347 1539 timentibus,
376 1455 488 1520 eadem
516 1476 583 1521 non
608 1459 677 1520 tam
707 1456 1008 1523 animadvertuntur
1028 1459 1065 1522 in

41 1553 148 1627 1⁵paee3
175 1542 301 1608 accedit
326 1542 409 1607 illud
435 1543 549 1626 etiam,
576 1541 662 1626 quod
688 1543 722 1606 in
749 1548 838 1608 metu
866 1549 898 1609 et
920 1547 1063 1630 periculo

17 1655 19 1706 ς
69 1649 131 1694 eum
152 1627 328 1696 credintur
349 1630 491 1715 facilius,
513 1635 585 1694 tum
607 1631 775 1716 finguntur
796 1632 957 1716 impunius.
993 1632 1062 1698 Nos
1082 1644 1115 1692 cs

17 1715 19 1798 l
69 1721 166 1782 cutem
188 1719 239 1783 its
261 1719 348 1784 leues
372 1722 468 1802 atque
490 1717 721 1783 inconsiderati
739 1740 859 1803 sumus,
882 1724 927 1804 ut,
950 1721 978 1786 si
997 1742 1063 1786 mu·

69 1824 111 1869 res
136 1807 334 1872 corroserint
361 1806 497 1890 aliquid,
525 1827 661 1891 quorum
689 1809 741 1870 est
768 1827 848 1890 opus
870 1808 932 1873 hoc
955 1831 1063 1892 unum,

17 1911 19 1946 Ξ
69 1898 241 1959 monstrum
259 1895 432 1978 putemus?
459 1893 545 1958 Ante
563 1915 640 1959 vero
653 1891 828 1959 Marsicum
841 1896 964 1961 bellum
978 1897 1064 1981 quod

42 1989 61 2030 ²⁰
70 1979 177 2066 clipeos
201 1981 353 2065 Lanuvii,
375 1986 413 2046 ut
435 2004 455 2047 a
476 1986 511 2047 tc
534 1980 655 2048 dietum
678 1986 740 2068 est,
767 2004 874 2048 mures
897 1985 1064 2068 rosissent,

17 2099 19 2152 p
69 2087 245 2136 maxumum
258 2069 292 2134 id
305 2073 493 2155 portentum
506 2069 692 2156 haruspices
707 2091 778 2136 esse
792 2071 952 2157 dixerunt3
971 2073 1064 2157 quasi

17 2159 19 2232 l
69 2176 134 2221 vero
162 2159 336 2243 quicquam
362 2158 507 2242 intersit,
539 2181 646 2224 mures
674 2159 759 2224 diem
785 2164 913 2225 noctem
941 2161 1064 2245 aliquid

17 2277 19 2310 l
70 2244 209 2312 rodentes
233 2250 325 2311 scuta
348 2268 389 2310 an
412 2245 519 2311 cribra
541 2247 749 2312 corroserintl
782 2246 868 2312 Nam
889 2249 999 2314 siista
1017 2271 1064 2314 se

17 2327 19 2370 ³
71 2332 197 2419 quimur,
221 2335 307 2418 quod
324 2333 472 2399 Platonis
490 2333 634 2400 Politian
655 2356 758 2420 nuper
782 2335 867 2420 apud
887 2357 938 2400 me
956 2358 1063 2401 mures

44 2425 62 2466 ²⁵
72 2426 275 2506 corroserunt,
299 2422 338 2486 de
360 2422 549 2508 republica
572 2422 668 2488 debui
690 2423 924 2506 pertimescere,
947 2427 1013 2506 aut,
1036 2424 1064 2487 si

71 2502 192 2589 Epicuri
214 2509 254 2574 dc
275 2511 446 2612 voluptatq
468 2510 551 2574 liber
571 2531 665 2576 rosus
683 2513 778 2593 esset,
800 2512 950 2594 putarem
968 2532 1065 2575 anno·

17 2651 19 2738 i
71 2611 193 2751 namdirn
201 2599 360 2751 vldrdeoeillld
375 2597 643 2769 didrdoidrsseddrdi
662 2685 789 2769 quando
808 2683 918 2768 aliqua
935 2653 1117 2780 pom-25}

17 2805 18 2822 2
72 2769 134 2836 tosa
164 2777 223 2839 aut
254 2795 292 2838 ex
323 2773 443 2858 pecude
476 2777 533 2838 aut
564 2794 604 2838 ex
629 2772 759 2838 homine
786 2775 865 2836 nata
892 2771 1063 2838 dicuntur?

17 2931 18 2936 ἵ
44 2863 199 2940 ³⁰quorum
223 2861 373 2944 omnium,
395 2882 436 2926 ne
456 2861 518 2924 sim
536 2859 675 2946 longior,
696 2881 761 2924 una
778 2860 863 2925 ratio
883 2863 941 2924 est.
973 2860 1065 2937 Quic-

17 2939 18 2952 ’
73 2947 138 3026 quid
159 2950 247 3014 enim
269 2948 385 3032 oritur,
407 2950 639 3032 qualecumque
662 2951 725 3033 est,
748 2969 880 3013 causum
902 2949 1022 3014 habeat
1045 2972 1065 3014 a

72 3038 178 3103 natura
198 3057 329 3102 neeesse
352 3040 411 3120 est,
433 3040 479 3120 ut,
502 3036 630 3102 etiamsi
652 3039 781 3121 praeter
801 3037 1065 3103 consuetudinem

17 3113 20 3258 ι
73 3123 218 3210 extiterit,
245 3128 374 3209 praeter
398 3129 550 3190 naturam
572 3129 683 3190 tamen
703 3146 770 3190 non
791 3126 896 3209 possit
919 3125 1064 3189 existere.

17 3267 18 3270 ,
74 3203 201 3279 Causam
226 3213 329 3299 igitur
356 3213 555 3299 investigato
582 3213 617 3277 in
642 3235 677 3278 re
701 3235 786 3278 nova
809 3216 906 3295 atque
929 3210 1065 3276 admira-

46 3291 136 3383 ubit,
163 3300 191 3365 si
217 3299 354 3385 poteris3
386 3301 414 3364 si
438 3301 565 3365 nullam
591 3300 744 3385 reperies,
771 3300 853 3363 illud
876 3301 987 3362 tamen
1014 3320 1064 3363 ex·

17 3393 19 3480 p
74 3383 226 3464 ploratum
248 3388 377 3472 habeto,
399 3388 481 3453 nihil
504 3388 575 3453 fieri
597 3388 741 3473 potuisse
764 3388 832 3452 sine
851 3407 957 3469 causa,
979 3407 1064 3450 eum-

17 3497 18 3500 ’
75 3489 126 3554 quc
146 3480 313 3561 terrorem,
336 3497 431 3560 quem
454 3475 516 3539 tibi
536 3475 584 3540 rei
601 3473 905 3570 novitas-attulerit,
928 3476 1063 3539 naturae

17 3557 20 3694 l
