2510 3936
337 135 405 192 nra.
425 135 445 192 1.
471 135 546 192 cna.
566 141 679 192 ao-m.
703 142 852 202 saa-sc.
1026 115 1106 204 401¹

84 281 227 366 quinque
255 281 352 366 pedes
383 277 453 346 ess'e
479 281 666 364 noluerunt,
696 279 826 366 depasci
852 285 994 348 veterem
1021 305 1094 368 pos-

85 369 265 434 sessionem
287 368 480 434 Academiae
504 370 545 434 ab
569 369 631 434 hoc
654 371 749 434 acuto
772 369 902 435 homine
925 392 992 436 non
1011 371 1093 436 sine-

83 479 157 522 mus
183 479 243 523 nec
264 455 411 522 Mamilia
438 458 511 545 lege
535 457 670 544 singuli,
694 457 750 522 sed
773 479 790 522 e
813 476 865 524 xn
886 461 954 523 tres
978 459 1094 524 arbitri

83 546 159 610 finis
189 566 347 633 regemus.
394 545 428 626 Q.
456 544 637 620 Quamnam
665 545 768 631 igitur
795 547 990 612 sententiam
1018 547 1092 613 dici·
1112 563 1147 612 aa

57 634 179 699 smus?
227 635 273 706 M.
300 633 435 718 Requiri
466 634 594 718 placere
626 634 798 718 terminos,
831 657 911 719 quos
944 633 1092 701 Socrates

83 722 221 808 pegerit,
243 722 347 806 iisque
369 743 492 807 parere.
530 723 565 804 Q.
586 721 765 807 Praeclare,
788 722 898 807 frater,
921 723 986 790 iam
1008 746 1093 790 nunc

85 833 104 874 a
127 815 161 876 te
183 810 284 891 verba
306 813 504 895 usurpantur
527 810 632 876 civilis
655 809 734 876 iuris
759 814 792 876 et
815 811 939 898 legum,
968 834 1030 896 quo
1055 813 1093 877 de

85 919 202 986 genere
225 902 358 983 expecto
382 898 635 984 disputationem
659 903 763 984 tuam3
784 921 862 964 uam
880 899 945 964 ista
964 900 1093 984 quidem

84 1008 205 1074 magna
231 987 418 1052 diiudicatio
447 990 510 1070 est,
537 991 574 1052 ut
603 1009 641 1052 ex
667 991 701 1052 te
728 987 800 1073 ipso
828 1009 924 1073 saepe
947 988 1093 1074 cognovi.

45 1094 71 1134 10
85 1073 147 1141 Sed
170 1079 257 1142 certe
279 1075 327 1140 ita
349 1097 402 1140 res
426 1097 460 1140 se
482 1075 595 1160 habet,
618 1079 655 1140 ut
679 1097 716 1140 ex
738 1079 856 1141 natura
877 1075 986 1142 vivere
1010 1098 1093 1141 sum-

84 1187 174 1229 mum
201 1165 323 1229 bonum
352 1164 407 1248 sit,
427 1163 469 1236 ¹id
496 1168 547 1228 est
574 1163 643 1229 vita
665 1163 792 1229 modica
815 1168 848 1228 et
872 1168 949 1250 apta
972 1165 1093 1230 virtute

84 1251 208 1338 perfrui
236 1256 292 1316 aut
318 1256 470 1318 naturam
498 1253 589 1338 sequi
617 1256 649 1317 et
673 1252 741 1317 eius
765 1252 859 1336 quasi
881 1253 953 1340 lege
976 1253 1093 1338 vivere,

83 1342 117 1405 id
140 1340 306 1424 estnihil,
330 1344 488 1426 quantum
509 1340 638 1426 inipso
661 1341 714 1425 sit,
736 1341 1006 1426 praetermittere,
1030 1363 1093 1426 quo

84 1430 191 1494 minus
219 1451 270 1514 ea,
302 1451 384 1513 quae
411 1432 529 1494 natura
555 1429 713 1514 postulet,
745 1434 974 1514 consequatur,
1008 1430 1094 1515 quod

47 1532 71 1576 15
84 1519 170 1583 inter
199 1517 279 1583 hacc
306 1518 387 1582 velit
415 1518 536 1582 virtute
564 1521 732 1603 tamquam
755 1517 827 1604 lege
850 1518 967 1583 vivere.
990 1517 1094 1592 -Qua-

82 1609 218 1692 propter
245 1605 307 1672 hoc
335 1605 502 1672 diiudicari
529 1605 637 1670 nescio
665 1627 708 1671 an
733 1627 926 1689 numquam,
954 1605 1009 1670 sed
1031 1605 1094 1671 hoc

83 1717 233 1760 sermone
256 1698 342 1759 certe
355 1716 431 1759 anon
452 1698 576 1778 potest,
599 1692 759 1778 siquidem
781 1693 823 1778 id,
847 1693 932 1778 quod
956 1694 1094 1779 suscepi-

84 1805 168 1868 mus,
190 1781 366 1868 perfecturi
388 1804 509 1848 sumus.
1104 1835 1149 1897 22

150 1871 227 1937 Ara
250 1870 296 1936 At
321 1893 382 1958 ego
405 1871 468 1936 huc
491 1870 706 1954 declinabam,
733 1891 793 1934 nec
815 1869 947 1935 invitus.
985 1870 1019 1951 Q.
1042 1870 1093 1934 Li·
1112 1913 1146 1959 5,

46 1977 70 2018 20
83 1960 172 2026 cebit
200 1959 294 2043 alias,
325 1981 410 2025 nunc
437 1959 471 2024 id
499 1979 648 2046 agamus,
675 1958 760 2043 quod
790 1958 968 2044 coepimus,
995 1980 1093 2043 quom

82 2047 277 2134 praesertim
301 2047 342 2112 ad
364 2048 397 2113 id
420 2047 503 2112 nihil
523 2048 685 2132 pertineat
703 2046 784 2112 haec
802 2048 841 2112 de
860 2068 986 2112 summo
1005 2048 1092 2111 malo

81 2139 235 2220 bonoque
263 2135 428 2201 dissensio.
474 2135 522 2202 M.
544 2134 812 2220 Prudentissime,
840 2133 972 2220 Quinte,
1001 2135 1093 2218 dicis,

81 2247 161 2290 nam
189 2247 271 2309 quae
299 2247 318 2290 a
345 2246 396 2289 me
424 2224 528 2289 adhuc
556 2225 642 2289 dicta
665 2229 754 2308 sunt,
770 2275 777 2288 .
793 2275 800 2288 .
815 2274 843 2289 ..
885 2224 920 2305 Q.
942 2223 1011 2290 Nec
1033 2223 1094 2308 Ly-

84 2313 179 2399 curgi
202 2313 291 2398 leges
314 2335 417 2396 neque
437 2309 565 2377 Solonis
588 2334 691 2397 neque
711 2311 900 2377 Charondae
918 2334 1021 2396 neque
1036 2311 1093 2376 Za·

46 2418 69 2458 ²5
83 2402 169 2467 leuci
204 2423 263 2466 nec
298 2405 428 2466 nostras
465 2399 631 2465 duodecim
668 2399 798 2465 tabulas
830 2421 889 2464 uec
920 2400 1094 2484 plebiscita

85 2490 246 2573 desidero,
276 2489 333 2554 sed
359 2493 392 2552 te
420 2488 569 2554 existimo
599 2509 697 2572 quom
723 2487 867 2572 populis,
896 2490 967 2552 tum
995 2488 1093 2552 etiam

85 2578 224 2665 singulis
262 2577 418 2642 hodierno
455 2598 602 2642 sermone
640 2576 730 2662 leges
767 2573 895 2640 vivendi
932 2579 964 2640 et
1002 2576 1094 2641 disci-

84 2668 210 2753 plinam
245 2667 403 2731 daturum.
452 2662 501 2731 M.
523 2663 584 2731 Est
615 2664 711 2729 huius
744 2685 820 2728 vero
853 2663 1092 2748 disputationis,
1112 2677 1147 2725 58

85 2755 219 2839 Quinte,
250 2755 418 2840 proprium
449 2753 495 2838 id,
528 2752 614 2838 quod
647 2756 810 2840 expectas,
843 2755 940 2835 atque
967 2751 1094 2817 utinam

46 2848 173 2908 coesset
200 2843 299 2907 etiam
326 2842 495 2908 facultatis
518 2841 622 2907 meae!
659 2838 722 2905 Sed
743 2839 890 2926 profecto
913 2840 961 2904 ita
984 2862 1018 2905 se
1041 2862 1092 2905 res

85 2932 196 3016 habet,
218 2935 264 3015 ut,
285 2931 438 3016 quoniam
455 2930 610 2996 vitiorum
629 2928 879 2999 emendatricem
897 2929 1004 3014 legem
1023 2951 1093 2994 esse

86 3019 617 3174 lttltffttttllttlt
637 3017 1094 3172 tltllstlttttlt

86 3220 195 3263 rerum
212 3195 441 3282 occoepimus,
462 3219 482 3260 a
501 3157 615 3279 qubius
635 3216 745 3260 amore
763 3193 886 3258 Graeco
905 3193 1005 3258 verbo
1024 3193 1093 3278 phi-

48 3301 72 3343 35
88 3284 241 3371 losophia
262 3306 381 3350 nomeu
403 3285 536 3368 invenit,
559 3306 623 3367 qua
644 3283 728 3348 nihil
752 3304 772 3347 a
795 3282 844 3346 dis
863 3281 1092 3346 inmortalibus

85 3374 231 3458 uberius,
258 3372 341 3436 nihil
364 3373 546 3456 florentius,
567 3371 650 3436 nihil
673 3369 902 3456 praestabilius
925 3369 1092 3434 hominum

85 3463 173 3528 vitae
201 3462 313 3528 datum
341 3464 399 3525 est.
439 3459 529 3526 Haec
556 3460 641 3524 enim
669 3481 733 3524 una
761 3481 821 3525 nos
848 3481 945 3543 quom
969 3461 1092 3544 ceteras

140 3582 249 3627 010.1v.
267 3585 280 3624 2
848 3569 881 3617 26
