2510 3936
383 119 449 178 ma.
468 122 517 178 111.
537 121 612 178 uAP.
633 129 709 179 r-e.
728 128 744 189 s
764 129 875 194 15-21.
1062 123 1128 188 439

119 266 235 353 pitudo
264 267 375 332 manet
397 264 610 332 diuturnitate
634 267 772 333 sublata
817 265 881 332 Sed
902 267 982 352 iam,
1009 267 1038 332 si
1059 267 1129 351 pla·

120 359 187 439 cet,
219 354 258 420 de
289 352 465 438 provinciis
498 354 670 420 decedatur
700 355 736 419 in
762 355 939 439 urbemque
958 355 1128 441 redeatur.

119 443 198 510 ΑΝ.
224 441 330 509 Nobis
363 463 439 508 vero
473 442 593 527 placet,
626 443 683 508 sed
712 443 767 529 iis,
799 443 855 528 qui
885 445 921 508 in
951 443 1127 530 provinciis

121 535 211 614 sunt,
236 530 369 596 minime
392 531 507 615 placet.
552 532 601 596 M.
623 533 669 596 At
691 552 782 614 vero,
809 531 895 617 lite,
918 531 948 598 si
968 533 1129 618 parebunt
1149 545 1186 595 ra

87 619 173 684 ehis
201 619 343 704 legibue,
369 618 452 684 nihil
480 619 543 684 erit
568 620 609 684 iis
634 620 728 704 urbe,
754 619 838 684 nihil
861 620 956 692 domo
980 641 1039 686 sua
1061 621 1129 686 dul·

120 707 191 774 cius
213 729 273 772 nec
295 707 491 774 laboriosius
514 708 747 792 molestiusque
768 708 944 794 provincie.

163 795 165 800 ’
190 793 252 860 Sed
275 795 421 880 sequitur
443 796 504 880 lex,
527 817 609 881 quae
628 795 732 862 sancit
751 817 823 862 eam
840 796 1045 864 tribunorum
1063 797 1130 884 ple·

120 884 173 950 bis
196 887 404 970 potestatem,
427 905 510 968 quae
531 890 576 951 eet
597 885 631 950 in
654 906 689 950 re
709 885 840 969 publica
857 889 985 969 nostra3
1008 884 1046 949 de
1065 907 1130 968 qua

122 973 238 1038 disseri
264 972 348 1038 nihil
375 994 506 1038 necesse
528 977 587 1038 est.
633 972 668 1054 Q.
690 972 738 1038 At
759 973 941 1038 mehercule
964 994 1039 1059 ego,
1066 973 1129 1038 fra-

75 1081 107 1122 ro
121 1065 182 1145 ter,
206 1083 335 1146 quaero,
359 1060 397 1125 de
419 1060 485 1126 ista
502 1063 666 1145 potestate
686 1059 762 1146 quid
781 1061 912 1126 sentias.
943 1061 1029 1127 Nam
1048 1060 1129 1125 mihi

124 1150 255 1234 quidem
277 1148 433 1234 pestifera
455 1149 590 1234 videtur,
614 1150 733 1235 quippe
756 1171 839 1234 quae
861 1149 896 1215 in
918 1149 1075 1214 seditione
1098 1153 1131 1214 et

123 1237 166 1306 ad
192 1237 384 1303 seditionem
410 1241 490 1304 nata
517 1237 575 1322 sit;
605 1237 695 1304 ouius
723 1238 865 1323 primum
893 1241 1001 1304 ortum
1029 1237 1058 1302 si
1084 1258 1131 1302 re·

123 1325 248 1392 cordari
278 1326 442 1409 volumus,
471 1327 557 1390 inter
585 1348 676 1392 arma
703 1327 823 1392 civium
849 1330 883 1391 et
909 1326 1074 1412 occupatis
1098 1329 1131 1390 et

123 1415 265 1480 obsessis
283 1414 374 1479 urbis
393 1413 475 1479 locis
488 1418 694 1498 procreatum
708 1414 862 1480 videmus.
894 1415 1018 1480 Deinde
1032 1436 1132 1500 quom

79 1519 110 1562 15
124 1505 211 1568 esset
233 1502 297 1567 cito
319 1505 453 1568 necatus
476 1506 644 1587 tamquam
668 1525 706 1567 ex
724 1521 775 1568 ΧΠ
792 1503 915 1569 tabulis
933 1504 1071 1588 insignis
1091 1503 1132 1568 ad

4 1631 10 1638 -
124 1590 364 1657 deformitatem
392 1613 486 1676 puer,
515 1591 607 1657 brevi
635 1594 782 1676 tempore
811 1591 919 1656 nescio
948 1613 1011 1676 quo
1033 1593 1131 1676 pacto

123 1684 286 1745 recreatus
319 1679 488 1764 multoque
520 1679 657 1744 taetrior
688 1683 721 1743 et
752 1678 877 1745 foedior
907 1682 1040 1744 renatus
1074 1682 1131 1744 est.

125 1765 209 1842 Quid
232 1768 318 1832 enim
339 1768 396 1832 ille
418 1789 486 1833 non
508 1767 629 1833 edidit?
653 1767 709 1852 qui
730 1767 880 1852 primum,
902 1770 940 1832 ut
962 1767 1063 1853 impio
1088 1767 1132 1831 di·
1150 1773 1171 1838 9

126 1876 225 1940 gnum
251 1855 327 1939 fuit,
356 1856 505 1941 patribus
533 1877 662 1922 omnem
684 1855 841 1921 honorem
864 1855 996 1941 eripuit,
1024 1856 1133 1920 omnia

83 1962 112 2002 ao
126 1943 237 2008 infima
264 1945 398 2009 summis
426 1945 518 2029 paria
545 1943 635 2028 fecit,
667 1944 827 2027 turbavit,
859 1943 1002 2027 miscuit3
1034 1965 1132 2028 quom

125 2031 303 2098 adflixisset
321 2032 503 2116 principum
522 2034 727 2119 gravitatem,
744 2053 924 2117 numquam
935 2035 1046 2097 tamen
1060 2052 1133 2096 oon·

126 2119 257 2203 quievit.
301 2117 451 2203 Namque
482 2124 520 2184 ut
546 2119 581 2186 O.
608 2120 806 2187 Flaminium
838 2123 935 2203 atque
967 2141 1018 2204 ea,
1050 2139 1132 2203 quae
1150 2131 1186 2181 20

125 2208 192 2271 iam
221 2205 328 2290 prisca
359 2206 509 2271 videntur
540 2213 674 2293 propter
700 2212 911 2291 vetustatem,
942 2207 1133 2291 relinquam,

129 2293 206 2380 quid
228 2293 308 2358 iuris
331 2294 426 2359 bonis
449 2293 528 2358 viris
547 2295 595 2359 Ti.
614 2295 752 2361 Gracchi
773 2297 959 2362 tribrmatus
978 2296 1132 2377 reliquit?

86 2402 114 2443 ae
129 2383 191 2449 etsi
223 2381 441 2466 quinquennio
474 2385 549 2446 ante
580 2382 619 2446 D.
651 2381 791 2449 Brutum
822 2388 856 2449 et
886 2383 921 2449 P.
950 2381 1133 2469 Scipionem

127 2470 275 2536 consules
303 2468 399 2555 (quos
427 2472 460 2535 et
488 2473 626 2553 quantos
653 2469 770 2557 virosi)
797 2473 895 2538 homo
920 2472 1064 2538 omnium
1086 2471 1133 2536 in-

126 2561 221 2624 fimus
249 2562 282 2624 et
310 2556 563 2641 reordidissimu,
590 2557 741 2623 tribunus
767 2561 873 2645 plebis
902 2558 936 2626 O.
960 2559 1133 2642 Curiatius,

126 2649 162 2712 in
179 2648 308 2713 vincula
327 2647 471 2731 coniecit,
490 2645 576 2731 quod
591 2645 802 2711 antefactum
816 2670 882 2714 non
896 2653 975 2714 erat.
1008 2647 1042 2714 O.
1056 2669 1133 2713 vero

128 2735 266 2802 Gracchi
288 2734 389 2800 ruinis
413 2739 446 2800 et
467 2735 508 2799 iis
532 2732 620 2817 sicis,
650 2755 730 2818 quas
753 2734 823 2819 ipse
846 2757 880 2801 se
902 2737 1076 2822 proiecisse
1099 2735 1133 2800 in

87 2841 114 2882 ⁸0
127 2824 234 2890 forum
254 2822 343 2907 dixit,
363 2823 479 2907 quibus
498 2822 756 2909 digladiarentur
768 2822 854 2886 inter
867 2845 902 2888 se
917 2825 1010 2909 cives,
1026 2846 1133 2888 nonne

1 2951 2 2966 κ
129 2935 256 2978 omnem
288 2911 336 2976 rei
364 2911 512 2996 publicae
541 2915 665 2976 statum
692 2911 911 2994 permutavit?
957 2911 1040 2986 Quid
1067 2913 1134 2976 iam

1 2999 3 3073 ζ
128 3000 166 3064 de
194 2998 382 3082 Saturnino,
411 2997 567 3085 Sulpicio,
594 2999 729 3084 reliquis
757 2998 884 3063 dicam?
912 3020 992 3082 quos
1019 3021 1059 3063 ne
1083 3000 1134 3064 de-

1 3077 2 3090 *
128 3089 249 3173 pellere
281 3087 410 3172 quidem
442 3111 462 3154 a
494 3109 528 3152 se
561 3088 629 3153 sine
659 3087 746 3152 ferro
778 3086 886 3171 potuit
915 3107 966 3150 res
994 3087 1133 3170 publica.

124 3176 193 3241 Cur
230 3179 339 3240 autem
370 3179 427 3241 aut
458 3180 570 3241 vetera
602 3179 659 3256 aut
692 3175 797 3240 aliena
828 3173 993 3259 proferam
1023 3175 1133 3257 potius
1153 3187 1186 3234 21

1 3283 2 3330 ξ
89 3281 115 3324 ³⁵
129 3287 226 3349 quam
245 3267 278 3329 et
295 3268 410 3328 nostra
428 3267 461 3328 et
479 3264 644 3329 recentia?
671 3261 750 3340 Quis
769 3285 923 3347 umquam
937 3265 1005 3325 tam
1021 3260 1134 3345 audax,

127 3356 196 3418 tam
224 3352 320 3418 nohis
347 3351 495 3418 inimicus
518 3352 648 3436 fuisset,
675 3357 712 3417 ut
735 3352 895 3438 cogitaret
917 3372 1072 3434 umquam
1095 3349 1133 3413 de

1 3461 2 3506 l
128 3444 218 3507 statu
239 3445 353 3508 nostro
372 3440 609 3526 labefactando,
630 3440 696 3506 nisi
714 3463 898 3507 mucronem
918 3439 1060 3524 aliquem
1078 3439 1135 3502 tri-
