2458 3934
202 203 265 270 196
549 200 597 254 DE
616 198 861 256 DIVINATIONE

201 360 271 468 puae
295 342 353 398 sint
374 358 500 412 quaeque
522 340 617 396 futura
640 340 710 408 sint,
737 357 771 395 ex
793 339 870 395 omni
891 337 1059 394 aeternitate
1084 337 1204 394 fataliter

221 413 315 469 efinita
338 429 398 468 esse
421 411 558 478 iudicent,
581 410 654 465 nihil
671 410 804 480 prodesse
824 408 1026 464 divinationem
1047 411 1121 479 (cap.
1140 415 1203 465 t—t

200 485 363 554 §ra-21),
387 485 417 538 et
438 498 504 538 vero
528 481 658 536 inutilem
679 480 839 536 hominibus
863 496 923 534 esse
942 479 1101 534 futurarum
1119 495 1203 534 rerum

201 553 347 610 scientiam
366 555 436 623 (cap.
453 559 469 608 9
488 557 502 619 ς
517 554 641 619 11-24),
660 552 690 604 et
709 551 783 620 quod
802 550 897 604 dicant
914 549 989 604 mala
1007 549 1105 604 omnia
1122 549 1159 603 nd
1170 549 1204 602 fe-

200 624 317 680 rendum
330 623 438 678 leviora
450 622 509 678 iore
523 623 605 676 rebus
620 620 724 675 divinis
738 620 903 691 procuratis,
916 619 989 674 nihil
998 619 1029 673 id
1039 635 1113 687 esse,
1128 619 1203 689 quod,

201 695 226 750 si
243 693 317 750 nihil
333 694 384 748 fiat
402 695 479 747 extra
496 691 594 758 iatum,
611 691 685 746 nihil
702 690 791 746 levari
809 708 839 745 re
858 689 955 746 divina
972 689 1066 760 possit
1085 693 1157 760 (cap.
1176 697 1203 744 1⁰

200 771 273 832 525,
292 768 346 833 16).
378 761 517 834 Deinceps
536 762 648 832 singula
666 760 847 817 divinationis
866 776 977 842 genera,
996 776 1070 829 quae
1088 764 1163 830 (cap.
1176 767 1203 814 11

200 841 216 901 ξ
235 842 277 903 26,
297 837 342 906 17)
361 834 452 889 denuc
470 831 600 904 partitur,
620 831 742 886 refutare
762 831 930 901 adgreditur.
968 831 1010 884 Ac
1029 832 1067 886 de
1085 829 1203 900 haruspi-

201 901 1202 1046 1191119111111199111911·

201 1049 357 1114 §tt-69).
395 991 502 1100 Deinde
526 1044 676 1110 monstrat,
702 1013 884 1110 quarn'vana
905 1041 963 1098 sint
984 989 1117 1112 auspicia
1141 1047 1201 1111 (cap.

201 1123 306 1172 33-40
325 1119 479 1186 §ao-84).
510 1114 581 1168 Tum
599 1114 633 1168 de
652 1113 774 1168 sortibus
792 1112 853 1182 agit
870 1113 942 1183 (cap.
962 1119 996 1168 41
1016 1117 1164 1180 §Bb-87)
1180 1115 1203 1165 et

201 1187 237 1239 de
256 1185 458 1242 Chaldaeorum
472 1183 710 1256 praedictionibus
725 1181 902 1254 astrologicis
918 1198 1072 1251 earumque
1087 1182 1202 1238 vanitate

201 1258 273 1336 (cap.
293 1261 398 1311 rsa-47
417 1257 571 1325 §St—99).
605 1253 680 1318 Quae
698 1253 807 1322 reliqua
825 1255 892 1308 sunt
909 1253 964 1307 duo
983 1253 1125 1309 naturalis
1143 1251 1201 1306 diri·

201 1325 323 1380 nationis
347 1341 450 1396 genera
472 1329 724 1396 (9911181100),
749 1324 869 1378 alterum
913 1321 1099 1378 raedicticnis
1122 1323 1201 1378 furore

202 1396 322 1464 quodam
345 1397 441 1460 natae,
470 1412 525 1464 quc
547 1394 633 1450 etiarn
656 1393 790 1448 librorum
813 1393 912 1463 Sibyl'
935 1410 1014 1450 orum
1037 1395 1201 1462 aliorumque

202 1466 377 1520 oraculorum
394 1467 484 1520 sortes
502 1467 532 1520 et
550 1464 688 1519 vaticinia
704 1463 791 1519 refert
808 1469 878 1534 (cap.
894 1471 998 1520 49-11
1018 1470 1034 1531 5
1052 1467 1200 1530 101-118),

202 1535 372 1591 somniorum
384 1536 504 1590 alterum
518 1539 561 1606 (ca
583 1541 702 1592 ,18-71
719 1541 735 1600 t
751 1539 901 1604 rra-142)
915 1534 1041 1604 attingit.
1071 1537 1106 1590 In
1120 1535 1201 1604 dispn·
1215 1557 1216 1614 p

201 1606 317 1661 tationis
337 1606 514 1662 conclusione
533 1555 700 1675 religionem
718 1605 859 1675 tuendam,
878 1605 928 1660 sed
947 1603 1150 1660 confutandam
1166 1619 1216 1672 su,

201 1676 396 1748 perstitionem
415 1693 475 1732 esse
494 1675 617 1748 graviter
635 1675 769 1730 admonet
786 1676 857 1746 (cap.
878 1682 911 1730 72
931 1682 946 1742 5
966 1679 1129 1746 148—150).
1215 1681 1216 1726 l

168 1905 186 2032 ἒ
268 1923 442 2000 Quaerenti
456 1923 537 1988 mihi
551 1924 752 2008 multumque
768 1925 800 1988 91
815 1922 869 1986 diu
883 1922 1054 2007 cogitanti,
1073 1944 1199 2009 quanam

202 2035 237 2077 re
258 2034 390 2097 possem
411 2012 564 2098 prodesse
588 2009 872 2096 quamplurimis,
895 2030 937 2074 ne
960 2011 1092 2095 quando
1116 2013 1200 2076 inter·

202 2101 365 2165 mitterem
387 2101 554 2164 consulere
577 2098 624 2164 rei
646 2097 804 2183 publicae,
826 2097 918 2162 nulla
940 2098 1046 2163 maior
1071 2119 1199 2165 occurre

202 2188 274 2270 bat,
303 2209 400 2271 quam
427 2187 455 2252 si
483 2188 680 2272 optimarum
707 2187 827 2251 artium
850 2185 920 2250 vias
942 2186 1109 2252 traderem
1132 2185 1198 2251 meis

202 2275 339 2361 civibus3
363 2275 449 2359 quod
471 2275 679 2360 conpluribus
702 2274 769 2340 iam
790 2273 884 2339 libris
905 2294 957 2338 me
976 2274 1122 2340 arbitror
1139 2293 1198 2339 con·

203 2366 361 2430 secutum..
402 2361 488 2429 Nam
519 2367 551 2427 et
580 2363 696 2428 cohort
717 2363 743 2425 ti
773 2383 897 2444 sumus,
926 2365 964 2426 nt
991 2363 1132 2427 maxime
1154 2381 1199 2445 pc

202 2451 339 2534 tuimus,
371 2450 412 2516 ad
442 2449 670 2537 philosophiae
703 2449 845 2516 studium
878 2469 915 2514 ec
945 2448 1045 2535 libro,
1079 2451 1135 2535 qui
1159 2450 1215 2511 est*

201 2541 376 2625 inscriptus
403 2539 610 2622 Hortensius,
638 2541 683 2622 et,
713 2538 799 2622 quod
827 2558 928 2624 genus
957 2533 1199 2626 philosophandi

201 2628 333 2692 minime
362 2627 523 2713 adrogans
552 2627 753 2710 maximeque
781 2628 814 2690 et
841 2628 993 2690 constans
1021 2629 1055 2690 et
1078 2627 1197 2711 elegans

203 2717 449 2798 arbitraremur,
477 2717 632 2799 quattuor
655 2712 856 2780 Academicis
882 2713 976 2778 libris
999 2714 1215 2780 ostendimusl

168 2817 183 2864 a
204 2803 348 2888 Cumque
376 2803 623 2869 fundamentum
651 2806 737 2867 esset
759 2801 986 2887 philosophiae
1008 2802 1151 2886 positum
1170 2798 1215 2880 in,

202 2891 320 2955 finibus
344 2891 503 2956 bonorum
523 2891 744 2973 etmalorum,
766 2893 983 2975 perpurgatus
1003 2894 1054 2954 est
1072 2891 1100 2954 is
1118 2889 1215 2954 locus}

203 3001 223 3043 a
249 2977 343 3042 nobis
372 2978 511 3063 quinque
539 2978 647 3061 libris,
676 2981 726 3062 ut,
754 2977 831 3062 quid
858 2999 878 3042 a
905 2998 1046 3061 quoque,
1076 2983 1109 3041 et
1132 2970 1215 3064 quid}

202 3068 317 3131 contra
340 3085 497 3150 quemque
520 3065 751 3152 philosophum
775 3065 942 3149 diceretur,
965 3065 1114 3152 intellegi
1135 3065 1215 3147 pos-l

203 3155 261 3220 set.
294 3151 442 3218 Totidem
466 3154 629 3220 subsecuti
648 3153 725 3219 libri
743 3151 998 3219 Tusculanarum
1017 3149 1213 3238 disputetic¹

202 3264 280 3306 num
302 3263 354 3305 res
378 3241 420 3305 ad
441 3242 536 3306 beate
558 3241 730 3324 vivendum
753 3241 891 3306 maxime
913 3242 1111 3306 necessarias
1134 3257 1195 3321 ape

202 3332 344 3394 ruerunt.
390 3329 518 3394 Primus
556 3329 642 3392 enim
678 3333 728 3393 est
760 3329 798 3393 de
831 3328 1063 3394 contemnenda
1093 3329 1195 3404 morte,

203 3417 359 3482 secundus
383 3414 421 3479 de
444 3415 613 3479 tolerando
637 3414 756 3500 dolore,
779 3416 818 3481 de
841 3416 1043 3502 aegritudine
1061 3410 1195 3480 lenienda

201 3503 332 3585 bertine,
365 3505 500 3584 quartus
532 3501 571 3565 de
603 3502 736 3586 reliquis
768 3503 869 3568 animi
899 3501 1194 3589 perturbationibus,
