2478 3936
21 157 23 252 l

21 267 23 296 l

288 209 355 265 ΗΒ,
374 210 396 265 L
415 209 492 266 CAP.
510 217 624 265 34-36.
643 215 659 276 §
677 216 808 266 eet-101.
1007 210 1049 274 37

74 352 124 435 dal,
144 353 195 417 sed
212 355 325 439 capite,
343 354 438 439 collo,
456 354 643 437 cervicibus,
659 353 826 439 lateribus,
845 355 929 438 alvo,
947 358 1051 440 tergo,

73 441 237 526 poplitibus,
258 441 416 526 manibus,
438 442 583 527 pedibus,
605 442 789 527 feminibus,
811 443 967 508 cruribus.
1008 440 1051 526 Si,

21 587 23 594 ,
71 533 100 591 ut
116 529 290 594 inmortalis
313 531 370 614 sit,
397 531 475 613 quid
495 531 576 595 baec
597 531 639 596 ad
660 530 762 595 vitam
786 532 933 596 membra
954 531 1053 616 perti-

21 625 22 644 ³
70 619 150 682 nent?
178 619 255 702 quid
281 619 355 703 ipsa
379 617 501 684 facies?
540 618 647 704 Magis
673 619 745 702 illa,
776 620 956 703 cerebrum,
988 641 1052 702 cor,

52 706 226 791 spulmones,
248 707 349 790 iecur3
371 707 451 771 haec
473 707 559 770 enim
583 711 659 771 sunt
681 707 845 773 domicilia
861 707 963 790 vitae3
985 707 1104 824 oris36

70 793 177 875 quidem
193 794 326 859 babitus
345 795 386 858 ad
403 795 491 860 vitae
508 796 698 860 firmitatem
714 796 798 860 nibil
815 797 965 881 pertinet.
994 794 1105 887 Et100

68 902 110 944 eos
141 883 361 968 vituperabas,
398 884 453 967 qui
488 905 528 948 ex
559 884 710 968 operibus
741 885 923 970 magnificis
955 888 1052 968 atque

67 971 235 1053 praeclaris,
267 993 339 1036 cum
367 971 487 1055 ipsum·
501 972 671 1056 mundum,
702 994 775 1037 cum
803 973 871 1037 eius
898 973 1053 1055 membra,

68 1059 179 1143 caelum,
201 1063 320 1142 terras,
342 1060 455 1142 maria,
478 1082 614 1144 cumque
632 1060 750 1125 horum
766 1060 918 1146 insignia,
941 1060 1052 1143 solem,

40 1144 160 1211 1⁰lunam
181 1149 373 1232 stellasque,
398 1148 563 1232 vidissent,
586 1169 722 1232 cumque
743 1153 928 1233 temporum
950 1153 1054 1212 matu-

67 1234 174 1319 ritates,
197 1236 397 1300 mutationes
419 1236 721 1320 vicissitudinesque
743 1237 980 1322 cognovissent,
1003 1259 1053 1301 su-

66 1323 163 1405 spicati
189 1328 299 1389 essent
326 1323 469 1408 aliquam
495 1324 704 1390 excellentem
726 1347 796 1390 esse
817 1330 1053 1411 praestantem-

66 1431 113 1492 que
131 1416 294 1496 naturam,
321 1434 404 1496 quae
426 1413 506 1478 haec
528 1411 704 1497 effecisset,
730 1418 889 1498 moveret,
915 1416 1054 1500 regeret,

21 1523 22 1530 ¹
65 1499 251 1581 gubernaret.
296 1498 359 1575 Qui
391 1501 520 1566 etiamsi
551 1501 704 1565 aberrent
730 1502 927 1585 coniectura,
958 1502 1052 1566 video

21 1661 22 1664 Ἴ
40 1603 56 1641 1⁵
65 1590 164 1673 tanen,
181 1589 263 1673 quid
280 1592 471 1673 sequantur3
492 1593 531 1653 tu
550 1589 635 1673 quod
654 1611 735 1676 opus
752 1591 884 1654 tandem
898 1610 1054 1675 magnum

21 1679 23 1754 l
65 1678 90 1736 et
113 1679 278 1763 egregium
306 1677 421 1761 babeS,
450 1677 538 1761 quod
565 1677 715 1742 effectum
742 1677 852 1741 divina
878 1682 985 1741 mente
1007 1677 1053 1740 vi·

21 1755 23 1840 l
65 1761 167 1849 deabrr,
191 1787 231 1831 ex
251 1787 314 1849 quo
334 1787 405 1829 esse
423 1765 500 1830 deos
518 1765 703 1851 suspicere?
734 1764 914 1848 Habebam,
936 1765 1053 1847 inquis,

21 1851 23 1898 f
64 1850 206 1918 inanimo
225 1854 362 1918 insitam
378 1853 643 1919 informationem
657 1853 818 1937 quandam
833 1853 893 1917 dei.
923 1853 969 1917 Et
981 1853 1054 1916 bar·

21 1989 23 2008 ;
64 1937 118 2003 bati
135 1942 265 2026 quidem
282 1941 380 2024 IoviS,
401 1943 550 2028 galeatae
567 1941 745 2025 Minervae,
766 1963 845 2006 num
862 1941 966 2027 igitur
983 1963 1054 2006 esse

41 2029 126 2092 utatis
142 2030 264 2114 putas?
291 2029 419 2104 Quanto
437 2031 553 2095 melius
571 2030 652 2094 haee
669 2031 787 2115 vulgus
804 2031 1040 2114 imperitorum,
1055 2047 1105 2096 101

65 2116 107 2198 qui
133 2140 198 2183 non
229 2119 377 2182 membra
408 2118 513 2183 solum
544 2118 685 2182 hominis
718 2118 776 2182 deo
803 2118 964 2203 tribuant,
996 2119 1053 2184 sed

21 2211 23 2334 p
64 2224 141 2268 usum
162 2207 265 2272 etiem
286 2207 514 2272 membrorum.
549 2205 640 2271 Dant
657 2205 743 2270 enim
761 2229 880 2291 arcum,
903 2209 1054 2294 sagittas,

21 2341 23 2370 ,
64 2288 188 2376 hastam,
222 2295 376 2379 elipeum,
406 2294 580 2377 fuscinam,
610 2293 748 2376 fulmen,
780 2299 813 2359 et
840 2295 882 2379 si,
910 2297 1053 2361 actiones

21 2379 23 2458 l
65 2399 130 2460 quae
155 2383 223 2448 sint
251 2382 396 2464 deorum,
423 2404 489 2448 non
515 2383 639 2466 vident,
665 2383 748 2447 nihil
770 2387 921 2469 agentem
943 2386 1054 2448 tamen

21 2475 22 2480 ’
39 2466 144 2534 ²⁵deum
156 2493 223 2536 non
239 2474 360 2554 queunt
373 2471 526 2557 cogitare.
562 2470 639 2555 Ipsi,
653 2471 709 2554 qui
721 2471 911 2554 inridentur,
923 2469 1054 2557 Aegyp·

21 2583 22 2636 p
63 2553 238 2624 tiinullam
265 2559 396 2624 beluam
418 2559 483 2623 nisi
504 2560 546 2624 ob
571 2559 714 2643 aliquam
736 2559 927 2640 utilitatem,
956 2581 1054 2642 quam

21 2655 22 2658 ’
64 2662 94 2705 ex
114 2667 150 2710 ea
171 2651 336 2732 caperent,
364 2651 646 2731 consecraverunt3
672 2647 764 2712 velut
785 2646 855 2710 ibes
878 2647 1054 2712 maximam

63 2730 117 2796 vin
145 2736 345 2820 serpentium
376 2735 563 2820 conficiunt,
593 2758 666 2801 cum
699 2735 765 2799 sint
796 2755 872 2800 aves
901 2737 1053 2819 excelsae,

65 2821 194 2887 crunbus
221 2823 350 2909 rigidis,
379 2845 495 2889 corneo
522 2845 720 2908 proceroque
749 2827 871 2907 rostr03
902 2829 1054 2890 avertunt

37 2913 173 2986 ³⁰pestem
195 2912 237 2976 ab
256 2911 417 2998 Aegypto,
440 2934 513 2978 cum
534 2911 675 2977 volucris
699 2911 815 2997 anguis
838 2933 877 2976 ex
898 2914 1054 2978 vastitate

63 2991 170 3080 Libyae
197 3004 296 3065 vento
318 3000 430 3067 Africo
458 3001 603 3065 invectas
629 3000 828 3066 interficiunt
856 3005 953 3085 atque
982 3024 1054 3067 oon·

65 3092 194 3171 sumunt,
216 3110 255 3152 ex
278 3109 342 3172 quo
364 3089 411 3173 lit,
433 3091 472 3153 ut
492 3087 570 3153 illae
592 3109 652 3153 nec
674 3111 784 3154 morsu
804 3089 897 3154 vivae
915 3092 1054 3155 noceant

64 3189 112 3237 nec
135 3175 231 3240 odore
258 3179 414 3241 mortuae.
459 3175 597 3242 Possum
625 3176 663 3241 de
689 3176 940 3242 ichneumonum
968 3176 1055 3240 utili·

65 3259 129 3344 tate,
151 3263 189 3328 de
207 3265 450 3348 crocodilorum,
473 3265 512 3329 de
529 3264 664 3330 faelium
683 3265 795 3349 dicere,
815 3266 870 3329 sed
887 3265 964 3327 nolo
984 3283 1054 3327 esse

41 3343 177 3436 ³⁵longus.
217 3351 271 3418 Ita
292 3353 489 3436 concludam,
511 3357 623 3418 tamen
645 3353 757 3418 beluas
777 3375 797 3417 a
814 3351 964 3416 barbaris
982 3371 1055 3436 pro·

67 3439 126 3515 pter
148 3441 338 3507 beneficium
368 3444 587 3525 consecratas,
618 3444 803 3505 vestrorum
830 3439 963 3502 deorum
989 3460 1056 3503 non

68 3526 147 3593 nodo
164 3529 353 3596 beneficium
370 3529 498 3594 nullum
518 3533 636 3612 extare,
655 3528 712 3592 sed
728 3547 770 3591 ne
788 3524 911 3590 factum
926 3525 1056 3608 quidem
