2490 3950
14 165 16 264 ξ
337 187 406 241 als.
425 189 445 241 1.
472 188 549 241 cAP.
571 196 638 244 5-r
659 195 674 255 s
694 195 805 244 11-1e.
1060 191 1083 254 9

14 299 17 380 l
80 351 139 394 non
167 331 347 396 levissuma
375 331 414 395 de
440 353 487 415 re,
518 337 556 396 ut
583 333 728 416 queritur
750 333 806 397 ille
835 333 888 398 ‘in
915 333 1083 398 civitate

81 418 163 482 fieri
184 418 367 486 facinora
390 418 609 504 capitalia’:

139 541 181 605 ab
206 542 330 607 amico
356 547 508 608 amante
531 549 733 629 argentum
763 545 940 630 accipere
963 567 1080 611 merc·

708 631 786 696 trix
808 655 883 699 non
905 635 1004 719 vult,

28 759 38 764 “
77 771 129 834 sed
149 775 187 835 ut
210 771 331 854 adsint,
354 777 559 858 cognoscant,
582 773 851 859 animadvertant,
872 773 949 859 quid
972 775 1010 840 de
1033 797 1079 840 re
1099 789 1137 838 la

14 885 19 950 p
55 859 207 944 ⁵ligionc,
230 859 369 944 pietate,
398 860 584 943 sanctitate,
607 861 822 947 caerimoniis,
845 863 920 946 fide,
942 864 1011 928 iure
1034 863 1080 928 iu·

76 947 183 1030 raudo,
205 947 346 1031 quidde
368 947 513 1032 templis,
536 948 677 1013 delubris
702 950 929 1034 sacrificiisque
953 951 1079 1016 sollem-

76 1035 181 1119 nibus,
208 1035 290 1119 quid
312 1035 351 1100 de
373 1035 453 1120 ipsis
473 1036 638 1121 auspiciis,
657 1037 774 1120 quibus
798 1059 858 1103 nos
881 1060 1080 1122 praesumus,

77 1123 325 1188 existimandum
353 1123 408 1206 sit,
439 1123 520 1189 haec
547 1125 632 1190 enim
660 1126 768 1190 omnia
789 1125 831 1190 ad
857 1126 941 1192 hanc
968 1126 1007 1192 de
1030 1127 1079 1190 dis

76 1210 305 1277 inmortalibus
324 1212 545 1294 quaestionem
563 1212 731 1278 referenda
749 1219 832 1278 sunt.
859 1213 1009 1281 Profecto
1024 1237 1079 1280 eos

14 1323 23 1350 e
46 1318 65 1354 ιο
76 1299 170 1384 ipsos,
193 1300 309 1384 quise
333 1299 455 1383 'aliquid
477 1300 558 1365 certi
579 1301 698 1366 habere
717 1302 926 1388 arbitrantur,
949 1303 1080 1368 addubi-

76 1391 141 1452 tare
174 1391 272 1474 coget
305 1387 565 1452 doctissimorum
594 1389 762 1454 hominum
795 1391 833 1456 dc
862 1414 1014 1456 maxuma
1044 1413 1079 1456 re

76 1479 165 1540 tanta
188 1474 358 1541 dissensio.
403 1475 495 1552 Quod
517 1499 590 1541 cum
613 1500 708 1562 saepe
732 1479 823 1563 alias,
846 1484 916 1544 tum
939 1479 1078 1544 maxime
1099 1494 1136 1542 15

14 1555 16 1616 ἶ
77 1563 299 1647 animadverti,
322 1585 395 1628 cum
417 1564 503 1648 apud
526 1563 560 1630 0.
583 1564 724 1650 Cottam,
745 1566 941 1632 familiarem
963 1589 1080 1652 meum,

14 1681 15 1688 ¹
77 1655 223 1716 accurate
247 1673 325 1720 sane
349 1656 382 1715 et
404 1651 576 1738 diligenter
594 1654 633 1718 de
652 1654 700 1718 dis
723 1654 951 1720 inmortalibus
974 1654 1080 1739 dispu-

47 1743 180 1805 aarum
203 1743 264 1804 est.
294 1737 380 1804 Nam
403 1763 476 1805 cum
493 1740 583 1806 feriis
601 1741 727 1806 Latinis
751 1742 887 1806 adeum
910 1741 1012 1826 ipsius
1030 1765 1080 1808 ro

14 1867 15 1880 '
78 1828 749 1983 lssltff‘ztttlblttfttefltt
762 1829 1081 2002 tttfttmt

79 2026 169 2086 quem
197 2008 270 2068 tum
292 2003 445 2089 Epicurei
466 2005 588 2088 primas
612 2027 650 2068 ex
676 2005 797 2070 nostris
820 1969 1011 2072 hominibus
1030 2008 1080 2072 de

77 2091 233 2158 ferebant.
264 2091 388 2172 Aderat
412 2092 510 2156 etiam
531 2091 566 2167 Q.
580 2091 723 2158 Lucilius
736 2091 869 2178 Balbus,
892 2095 948 2179 qui
970 2099 1080 2160 tantos

49 2195 269 2266 ltprogressus
295 2180 439 2245 habebat
465 2180 499 2244 in
527 2178 657 2264 Stoicis,
684 2186 722 2245 nt
749 2205 822 2247 cum
850 2183 1080 2248 excellentibus

79 2267 163 2334 ineo
184 2289 303 2355 genere
318 2267 449 2334 Graccis
467 2272 717 2352 compararetur.
747 2269 838 2354 Tum,
861 2275 898 2335 nt
916 2293 967 2336 mc
982 2269 1081 2337 Cotta

15 2351 16 2370 ³
80 2355 171 2439 vidit,
201 2356 438 2440 Peroportune,
470 2356 589 2440 inquit,
615 2357 720 2441 venis3
752 2359 856 2423 oritur
883 2359 969 2424 enim
999 2358 1081 2422 mihi

15 2489 16 2530 ,
81 2465 196 2530 magna
220 2444 258 2508 de
280 2465 316 2508 re
338 2444 507 2510 altercatio
531 2466 603 2508 cum
621 2443 757 2530 Velleio,
780 2447 831 2512 cui
852 2468 912 2531 pro
935 2450 992 2511 tuo
1015 2450 1080 2512 stu·

82 2531 128 2596 dio
149 2554 219 2597 non
237 2533 287 2596 est
304 2532 444 2596 alienum
468 2535 501 2597 te
518 2532 683 2598 interesse.
727 2533 836 2617 Atque
854 2533 936 2598 mihi
954 2555 1080 2617 quoque

26 2613 29 2620 ’
52 2620 196 2704 ²⁵rideor,
219 2619 362 2704 inquam,
379 2620 514 2703 venisse,
536 2624 574 2684 ut
591 2620 681 2703 dicis,
697 2625 865 2705 oportune.
896 2620 975 2685 Tres
995 2622 1080 2686 enim

82 2708 175 2772 trium
199 2706 443 2792 disciplinarum
469 2708 630 2793 principes
658 2708 862 2774 convenistis.
906 2707 1080 2774 Martem

15 2799 16 2810 ¹
82 2792 151 2861 Piso
179 2796 209 2860 si
237 2795 376 2880 adesset,
407 2795 528 2860 nullius
555 2796 782 2881 philosophiae
810 2817 920 2862 earum
944 2797 1081 2882 quidem,

84 2904 158 2965 quae
180 2884 217 2948 in
242 2881 365 2949 honore
389 2888 478 2968 sunt,
500 2887 631 2950 vacaret
653 2885 752 2950 locus.
793 2884 875 2949 Tum
899 2884 1010 2952 Cotta:
1038 2885 1081 2971 Si,

83 2970 191 3055 inquit,
209 2971 292 3036 liber
306 2971 461 3037 Antiochi
478 2973 591 3056 nostri,
615 2973 669 3056 qui
688 2972 729 3038 ab
754 2995 791 3039 eo
813 2995 916 3059 nuper
938 2975 1082 3040 adhunc

53 3071 73 3108 ³³
83 3054 217 3124 Balbum
240 3059 358 3125 missus
381 3063 440 3145 est,
462 3081 540 3126 vera
561 3060 714 3144 loquitur,
735 3060 817 3126 nihil
842 3067 900 3147 est,
923 3063 1008 3146 quod
1031 3061 1082 3126 Pi-

85 3167 202 3232 sonem,
233 3147 427 3213 familiarem
455 3152 560 3232 tuum,
592 3149 765 3233 desideres;
801 3149 963 3215 Antiocho
996 3150 1082 3213 enim

85 3230 178 3301 Stoici
200 3257 274 3300 cum
295 3235 521 3320 Peripateticis
545 3257 579 3300 re
601 3237 767 3302 concinere
789 3238 950 3318 videntur,
973 3237 1082 3301 verbis

16 3369 21 3385 .
86 3320 272 3408 discrepare,
294 3346 358 3409 qno
382 3324 420 3388 de
443 3324 537 3408 libro,
554 3321 666 3408 Balbe,
688 3326 786 3390 velim
809 3324 890 3389 scire
913 3323 990 3405 quid
1013 3345 1083 3388 scn-

86 3409 151 3474 ties.
176 3411 315 3497 Egone?
343 3412 449 3496 inquit
471 3413 536 3476 ille.
563 3411 665 3476 Miror
688 3411 894 3491 Antiochum,
917 3408 1082 3475 hominem

57 3495 117 3559 ⁸⁵in
132 3499 243 3582 primis
262 3505 401 3584 acutum,
418 3521 484 3565 non
501 3500 620 3565 vidisse
633 3499 789 3563 interesse
802 3497 977 3580 plurimum
995 3490 1083 3560 infer

1100 2505 1139 2632 c
