<?xml version="1.0" encoding="UTF-8"?>
<!DOCTYPE html PUBLIC "-//W3C//DTD XHTML 1.0 Transitional//EN"
    "http://www.w3.org/TR/xhtml1/DTD/xhtml1-transitional.dtd">
<html xmlns="http://www.w3.org/1999/xhtml" xml:lang="en" lang="en">
 <head>
  <title>
</title>
<meta http-equiv="Content-Type" content="text/html;charset=utf-8" />
  <meta name='ocr-system' content='tesseract 3.04.00' />
  <meta name='ocr-capabilities' content='ocr_page ocr_carea ocr_par ocr_line ocrx_word'/>
</head>
<body>
  <div class='ocr_page' id='page_1' title='image "./mtulliiciceroni03mlgoog_0334.png"; bbox 0 0 2476 3936; ppageno 0'>
   <div class='ocr_carea' id='block_1_1' title="bbox 349 183 1102 252">
    <p class='ocr_par' dir='ltr' id='par_1_1' title="bbox 349 183 1102 252">
     <span class='ocr_line' id='line_1_1' title="bbox 349 183 1102 252; baseline 0.021 -16"><span class='ocrx_word' id='word_1_1' title='bbox 349 183 417 237; x_wconf 75' lang='lat' dir='ltr'><strong>ms.</strong></span> <span class='ocrx_word' id='word_1_2' title='bbox 436 185 457 238; x_wconf 89' lang='lat'><strong>1.</strong></span> <span class='ocrx_word' id='word_1_3' title='bbox 477 184 552 240; x_wconf 79' lang='lat' dir='ltr'><strong>cAP.</strong></span> <span class='ocrx_word' id='word_1_4' title='bbox 574 193 687 241; x_wconf 76' lang='lat'>14-17.</span> <span class='ocrx_word' id='word_1_5' title='bbox 705 193 721 252; x_wconf 72' lang='lat' dir='ltr'><strong>s</strong></span> <span class='ocrx_word' id='word_1_6' title='bbox 739 193 852 242; x_wconf 80' lang='lat' dir='ltr'><strong>sr-se.</strong></span> <span class='ocrx_word' id='word_1_7' title='bbox 1035 186 1102 252; x_wconf 81' lang='lat'><strong>283</strong></span> 
     </span>
    </p>
   </div>
   <div class='ocr_carea' id='block_1_2' title="bbox 6 327 1156 3057">
    <p class='ocr_par' dir='ltr' id='par_1_2' title="bbox 6 327 1156 3057">
     <span class='ocr_line' id='line_1_2' title="bbox 89 327 1102 417; baseline 0.006 -26"><span class='ocrx_word' id='word_1_8' title='bbox 89 347 170 392; x_wconf 87' lang='lat' dir='ltr'><strong>rens</strong></span> <span class='ocrx_word' id='word_1_9' title='bbox 189 348 210 391; x_wconf 88' lang='lat' dir='ltr'><strong>a</strong></span> <span class='ocrx_word' id='word_1_10' title='bbox 229 347 368 411; x_wconf 88' lang='lat' dir='ltr'><strong>persona</strong></span> <span class='ocrx_word' id='word_1_11' title='bbox 384 327 525 394; x_wconf 88' lang='lat' dir='ltr'><strong>hominis</strong></span> <span class='ocrx_word' id='word_1_12' title='bbox 545 329 743 415; x_wconf 59' lang='lat' dir='ltr'><strong>gravissimu</strong></span> <span class='ocrx_word' id='word_1_13' title='bbox 765 353 835 414; x_wconf 85' lang='lat' dir='ltr'><strong>rem</strong></span> <span class='ocrx_word' id='word_1_14' title='bbox 849 331 935 396; x_wconf 89' lang='lat' dir='ltr'><strong>enim</strong></span> <span class='ocrx_word' id='word_1_15' title='bbox 948 351 1102 417; x_wconf 85' lang='lat' dir='ltr'><strong>magnam</strong></span> 
     </span>
     <span class='ocr_line' id='line_1_3' title="bbox 89 415 1102 503; baseline 0.005 -24"><span class='ocrx_word' id='word_1_16' title='bbox 89 415 268 480; x_wconf 78' lang='lat' dir='ltr'><strong>adsecutus</strong></span> <span class='ocrx_word' id='word_1_17' title='bbox 291 420 343 500; x_wconf 84' lang='lat' dir='ltr'><strong>est,</strong></span> <span class='ocrx_word' id='word_1_18' title='bbox 366 415 452 500; x_wconf 89' lang='lat' dir='ltr'><strong>quod</strong></span> <span class='ocrx_word' id='word_1_19' title='bbox 473 417 658 483; x_wconf 88' lang='lat' dir='ltr'><strong>hominibus</strong></span> <span class='ocrx_word' id='word_1_20' title='bbox 681 419 881 503; x_wconf 88' lang='lat' dir='ltr'><strong>perturbatis</strong></span> <span class='ocrx_word' id='word_1_21' title='bbox 904 419 1033 484; x_wconf 88' lang='lat' dir='ltr'><strong>inanem</strong></span> <span class='ocrx_word' id='word_1_22' title='bbox 1055 439 1102 485; x_wconf 82' lang='lat' dir='ltr'><strong>re</strong></span> 
     </span>
     <span class='ocr_line' id='line_1_4' title="bbox 88 502 1156 619; baseline 0.006 -53"><span class='ocrx_word' id='word_1_23' title='bbox 88 502 253 588; x_wconf 87' lang='lat' dir='ltr'><strong>ligionem</strong></span> <span class='ocrx_word' id='word_1_24' title='bbox 275 502 489 588; x_wconf 87' lang='lat' dir='ltr'><strong>timoremque</strong></span> <span class='ocrx_word' id='word_1_25' title='bbox 513 503 681 571; x_wconf 86' lang='lat' dir='ltr'><strong>deieeerat.</strong></span> <span class='ocrx_word' id='word_1_26' title='bbox 1115 555 1156 619; x_wconf 73' lang='grc'><strong>16</strong></span> 
     </span>
     <span class='ocr_line' id='line_1_5' title="bbox 159 589 1156 694; baseline 0.005 -39"><span class='ocrx_word' id='word_1_27' title='bbox 159 589 272 675; x_wconf 84' lang='lat' dir='ltr'><strong>Atque</strong></span> <span class='ocrx_word' id='word_1_28' title='bbox 291 591 359 694; x_wconf 78' lang='lat' dir='ltr'><strong>eius</strong></span> <span class='ocrx_word' id='word_1_29' title='bbox 377 593 466 658; x_wconf 92' lang='lat' dir='ltr'><strong>modi</strong></span> <span class='ocrx_word' id='word_1_30' title='bbox 485 593 637 677; x_wconf 80' lang='lat' dir='ltr'><strong>quiddam</strong></span> <span class='ocrx_word' id='word_1_31' title='bbox 655 593 754 659; x_wconf 86' lang='lat' dir='ltr'><strong>etiam</strong></span> <span class='ocrx_word' id='word_1_32' title='bbox 772 595 860 661; x_wconf 87' lang='lat' dir='ltr'><strong>bello</strong></span> <span class='ocrx_word' id='word_1_33' title='bbox 879 596 938 661; x_wconf 87' lang='lat' dir='ltr'><strong>illo</strong></span> <span class='ocrx_word' id='word_1_34' title='bbox 952 596 1103 679; x_wconf 84' lang='lat' dir='ltr'><strong>maximo,</strong></span> <span class='ocrx_word' id='word_1_35' title='bbox 1120 633 1156 681; x_wconf 70' lang='lat'><strong>25</strong></span> 
     </span>
     <span class='ocr_line' id='line_1_6' title="bbox 64 677 1103 854; baseline 0.002 -20.903"><span class='ocrx_word' id='word_1_36' title='bbox 64 677 769 854; x_wconf 57' lang='lat' dir='ltr'><strong>⁵erubeseunt,Lerisus,</strong></span> <span class='ocrx_word' id='word_1_37' title='bbox 795 686 1047 837; x_wconf 65' lang='lat' dir='ltr'><strong>{iuuere</strong></span> <span class='ocrx_word' id='word_1_38' title='bbox 1068 703 1103 836; x_wconf 78' lang='lat' dir='ltr'><strong>s</strong></span> 
     </span>
     <span class='ocr_line' id='line_1_7' title="bbox 11 856 1103 944; baseline 0.002 -23"><span class='ocrx_word' id='word_1_39' title='bbox 11 875 12 890; x_wconf 58' lang='lat'><em>*</em></span> <span class='ocrx_word' id='word_1_40' title='bbox 88 856 283 940; x_wconf 76' lang='lat' dir='ltr'><strong>eloquentia</strong></span> <span class='ocrx_word' id='word_1_41' title='bbox 305 860 338 920; x_wconf 92' lang='lat' dir='ltr'><strong>et</strong></span> <span class='ocrx_word' id='word_1_42' title='bbox 360 857 495 923; x_wconf 84' lang='lat' dir='ltr'><strong>oonsilio</strong></span> <span class='ocrx_word' id='word_1_43' title='bbox 517 858 668 942; x_wconf 81' lang='lat' dir='ltr'><strong>princeps</strong></span> <span class='ocrx_word' id='word_1_44' title='bbox 687 858 829 923; x_wconf 85' lang='lat' dir='ltr'><strong>civitatis</strong></span> <span class='ocrx_word' id='word_1_45' title='bbox 848 879 935 944; x_wconf 87' lang='lat' dir='ltr'><strong>suae,</strong></span> <span class='ocrx_word' id='word_1_46' title='bbox 957 881 1030 924; x_wconf 87' lang='lat' dir='ltr'><strong>eum</strong></span> <span class='ocrx_word' id='word_1_47' title='bbox 1048 859 1103 925; x_wconf 92' lang='lat' dir='ltr'><strong>ob-</strong></span> 
     </span>
     <span class='ocr_line' id='line_1_8' title="bbox 87 942 1101 1032; baseline 0.003 -23"><span class='ocrx_word' id='word_1_48' title='bbox 87 947 227 1010; x_wconf 86' lang='lat' dir='ltr'><strong>scurato</strong></span> <span class='ocrx_word' id='word_1_49' title='bbox 257 942 262 1026; x_wconf 95' lang='grc' dir='ltr'>Ι</span> <span class='ocrx_word' id='word_1_50' title='bbox 291 944 360 1009; x_wconf 92' lang='lat' dir='ltr'><strong>sole</strong></span> <span class='ocrx_word' id='word_1_51' title='bbox 391 945 545 1011; x_wconf 76' lang='lat' dir='ltr'>tenebrae</span> <span class='ocrx_word' id='word_1_52' title='bbox 573 945 680 1012; x_wconf 76' lang='lat' dir='ltr'><strong>saetae</strong></span> <span class='ocrx_word' id='word_1_53' title='bbox 709 951 817 1011; x_wconf 79' lang='lat' dir='ltr'><strong>essent</strong></span> <span class='ocrx_word' id='word_1_54' title='bbox 843 951 975 1032; x_wconf 87' lang='lat' dir='ltr'><strong>repente</strong></span> <span class='ocrx_word' id='word_1_55' title='bbox 1009 949 1048 1027; x_wconf 88' lang='lat' dir='ltr'><strong>[p.</strong></span> <span class='ocrx_word' id='word_1_56' title='bbox 1069 962 1101 1012; x_wconf 73' lang='lat'><strong>72</strong></span> 
     </span>
     <span class='ocr_line' id='line_1_9' title="bbox 87 1031 1103 1119; baseline 0.001 -22"><span class='ocrx_word' id='word_1_57' title='bbox 87 1031 410 1118; x_wconf 80' lang='lat' dir='ltr'><strong>Atheniensiumque</strong></span> <span class='ocrx_word' id='word_1_58' title='bbox 432 1033 559 1100; x_wconf 89' lang='lat' dir='ltr'><strong>animos</strong></span> <span class='ocrx_word' id='word_1_59' title='bbox 582 1056 728 1100; x_wconf 89' lang='lat' dir='ltr'><strong>summus</strong></span> <span class='ocrx_word' id='word_1_60' title='bbox 749 1035 849 1101; x_wconf 90' lang='lat' dir='ltr'><strong>timor</strong></span> <span class='ocrx_word' id='word_1_61' title='bbox 871 1035 1103 1119; x_wconf 78' lang='lat' dir='ltr'><strong>occupavisset,</strong></span> 
     </span>
     <span class='ocr_line' id='line_1_10' title="bbox 53 1121 1102 1208; baseline 0.001 -22"><span class='ocrx_word' id='word_1_62' title='bbox 53 1137 75 1176; x_wconf 81' lang='lat'><strong>¹⁰</strong></span> <span class='ocrx_word' id='word_1_63' title='bbox 88 1121 241 1188; x_wconf 75' lang='lat' dir='ltr'><strong>docuisse</strong></span> <span class='ocrx_word' id='word_1_64' title='bbox 270 1121 348 1186; x_wconf 84' lang='lat' dir='ltr'><strong>eivis</strong></span> <span class='ocrx_word' id='word_1_65' title='bbox 376 1143 452 1188; x_wconf 90' lang='lat' dir='ltr'><strong>suos</strong></span> <span class='ocrx_word' id='word_1_66' title='bbox 481 1121 610 1208; x_wconf 84' lang='lat' dir='ltr'><strong>dieitur,</strong></span> <span class='ocrx_word' id='word_1_67' title='bbox 627 1123 673 1187; x_wconf 85' lang='lat' dir='ltr'><strong>.id</strong></span> <span class='ocrx_word' id='word_1_68' title='bbox 699 1122 786 1207; x_wconf 91' lang='lat' dir='ltr'><strong>quod</strong></span> <span class='ocrx_word' id='word_1_69' title='bbox 811 1122 882 1207; x_wconf 91' lang='lat' dir='ltr'><strong>ipse</strong></span> <span class='ocrx_word' id='word_1_70' title='bbox 911 1123 952 1188; x_wconf 89' lang='lat' dir='ltr'><strong>ab</strong></span> <span class='ocrx_word' id='word_1_71' title='bbox 975 1121 1102 1187; x_wconf 83' lang='lat' dir='ltr'><strong>Anaxa-</strong></span> 
     </span>
     <span class='ocr_line' id='line_1_11' title="bbox 9 1209 1101 1311; baseline 0.003 -38"><span class='ocrx_word' id='word_1_72' title='bbox 9 1269 10 1273; x_wconf 65' lang='lat'><strong>,</strong></span> <span class='ocrx_word' id='word_1_73' title='bbox 88 1231 183 1296; x_wconf 77' lang='lat' dir='ltr'><strong>gera,</strong></span> <span class='ocrx_word' id='word_1_74' title='bbox 207 1209 298 1311; x_wconf 78' lang='lat' dir='ltr'><strong>euius</strong></span> <span class='ocrx_word' id='word_1_75' title='bbox 321 1210 450 1276; x_wconf 88' lang='lat' dir='ltr'><strong>auditor</strong></span> <span class='ocrx_word' id='word_1_76' title='bbox 472 1209 588 1295; x_wconf 81' lang='lat' dir='ltr'><strong>fuerat,</strong></span> <span class='ocrx_word' id='word_1_77' title='bbox 610 1214 786 1295; x_wconf 83' lang='lat' dir='ltr'><strong>aeeeperat,</strong></span> <span class='ocrx_word' id='word_1_78' title='bbox 814 1214 902 1276; x_wconf 84' lang='lat' dir='ltr'><strong>certo</strong></span> <span class='ocrx_word' id='word_1_79' title='bbox 925 1210 1006 1276; x_wconf 90' lang='lat' dir='ltr'><strong>illud</strong></span> <span class='ocrx_word' id='word_1_80' title='bbox 1023 1214 1101 1276; x_wconf 87' lang='lat' dir='ltr'><strong>tem-</strong></span> 
     </span>
     <span class='ocr_line' id='line_1_12' title="bbox 8 1298 1102 1471; baseline 0.011 -19"><span class='ocrx_word' id='word_1_81' title='bbox 8 1449 9 1452; x_wconf 76' lang='grc'>,</span> <span class='ocrx_word' id='word_1_82' title='bbox 87 1298 1102 1471; x_wconf 52' lang='lat' dir='ltr'><strong>{3122{Stetitttlttttttlssldlteztlttt</strong></span> 
     </span>
     <span class='ocr_line' id='line_1_13' title="bbox 88 1473 1102 1560; baseline 0.002 -20"><span class='ocrx_word' id='word_1_83' title='bbox 88 1479 205 1540; x_wconf 87' lang='lat' dir='ltr'><strong>tamen</strong></span> <span class='ocrx_word' id='word_1_84' title='bbox 227 1474 261 1539; x_wconf 94' lang='lat' dir='ltr'><strong>id</strong></span> <span class='ocrx_word' id='word_1_85' title='bbox 278 1473 349 1539; x_wconf 90' lang='lat' dir='ltr'><strong>fieri</strong></span> <span class='ocrx_word' id='word_1_86' title='bbox 366 1496 433 1540; x_wconf 90' lang='lat' dir='ltr'><strong>non</strong></span> <span class='ocrx_word' id='word_1_87' title='bbox 449 1497 546 1560; x_wconf 87' lang='lat' dir='ltr'><strong>posse</strong></span> <span class='ocrx_word' id='word_1_88' title='bbox 562 1475 627 1538; x_wconf 88' lang='lat' dir='ltr'><strong>nisi</strong></span> <span class='ocrx_word' id='word_1_89' title='bbox 644 1478 733 1540; x_wconf 87' lang='lat' dir='ltr'><strong>oerto</strong></span> <span class='ocrx_word' id='word_1_90' title='bbox 751 1475 1004 1542; x_wconf 87' lang='lat' dir='ltr'><strong>intermenstruo</strong></span> <span class='ocrx_word' id='word_1_91' title='bbox 1022 1479 1102 1542; x_wconf 90' lang='lat' dir='ltr'><strong>tem-</strong></span> 
     </span>
     <span class='ocr_line' id='line_1_14' title="bbox 54 1559 1101 1650; baseline 0.001 -22"><span class='ocrx_word' id='word_1_92' title='bbox 54 1579 181 1648; x_wconf 78' lang='lat' dir='ltr'><strong>¹⁵pore</strong></span> <span class='ocrx_word' id='word_1_93' title='bbox 219 1561 311 1638; x_wconf 82' lang='lat' dir='ltr'><strong>Quod</strong></span> <span class='ocrx_word' id='word_1_94' title='bbox 334 1583 407 1628; x_wconf 87' lang='lat' dir='ltr'><strong>aum</strong></span> <span class='ocrx_word' id='word_1_95' title='bbox 430 1563 625 1648; x_wconf 88' lang='lat' dir='ltr'><strong>disputando</strong></span> <span class='ocrx_word' id='word_1_96' title='bbox 648 1559 901 1650; x_wconf 79' lang='lat' dir='ltr'><strong>ratiolnibusque</strong></span> <span class='ocrx_word' id='word_1_97' title='bbox 919 1562 973 1628; x_wconf 92' lang='lat' dir='ltr'><strong>do·</strong></span> <span class='ocrx_word' id='word_1_98' title='bbox 994 1565 1035 1643; x_wconf 88' lang='lat' dir='ltr'><strong>[p.</strong></span> <span class='ocrx_word' id='word_1_99' title='bbox 1049 1579 1101 1629; x_wconf 73' lang='lat'><strong>2⁷9</strong></span> 
     </span>
     <span class='ocr_line' id='line_1_15' title="bbox 7 1650 1102 1736; baseline -0.001 -19"><span class='ocrx_word' id='word_1_100' title='bbox 7 1697 9 1702; x_wconf 91' lang='lat'>-</span> <span class='ocrx_word' id='word_1_101' title='bbox 89 1651 223 1735; x_wconf 81' lang='lat' dir='ltr'><strong>suisset,</strong></span> <span class='ocrx_word' id='word_1_102' title='bbox 244 1651 401 1736; x_wconf 89' lang='lat' dir='ltr'><strong>populum</strong></span> <span class='ocrx_word' id='word_1_103' title='bbox 424 1651 576 1716; x_wconf 85' lang='lat' dir='ltr'><strong>liberavit</strong></span> <span class='ocrx_word' id='word_1_104' title='bbox 598 1654 700 1734; x_wconf 78' lang='lat' dir='ltr'><strong>metu3</strong></span> <span class='ocrx_word' id='word_1_105' title='bbox 727 1655 798 1714; x_wconf 87' lang='lat' dir='ltr'><strong>erat</strong></span> <span class='ocrx_word' id='word_1_106' title='bbox 821 1651 906 1715; x_wconf 89' lang='lat' dir='ltr'><strong>enim</strong></span> <span class='ocrx_word' id='word_1_107' title='bbox 928 1654 999 1714; x_wconf 91' lang='lat' dir='ltr'><strong>tum</strong></span> <span class='ocrx_word' id='word_1_108' title='bbox 1022 1650 1102 1716; x_wconf 86' lang='lat' dir='ltr'><strong>haee</strong></span> 
     </span>
     <span class='ocr_line' id='line_1_16' title="bbox 89 1736 1102 1824; baseline -0.001 -20"><span class='ocrx_word' id='word_1_109' title='bbox 89 1761 179 1806; x_wconf 90' lang='lat' dir='ltr'><strong>nova</strong></span> <span class='ocrx_word' id='word_1_110' title='bbox 202 1741 236 1803; x_wconf 89' lang='lat' dir='ltr'><strong>et</strong></span> <span class='ocrx_word' id='word_1_111' title='bbox 258 1739 372 1824; x_wconf 82' lang='lat' dir='ltr'><strong>ignota</strong></span> <span class='ocrx_word' id='word_1_112' title='bbox 394 1739 489 1823; x_wconf 86' lang='lat' dir='ltr'><strong>ratio,</strong></span> <span class='ocrx_word' id='word_1_113' title='bbox 512 1739 614 1804; x_wconf 90' lang='lat' dir='ltr'><strong>solem</strong></span> <span class='ocrx_word' id='word_1_114' title='bbox 636 1739 732 1803; x_wconf 89' lang='lat' dir='ltr'><strong>lunae</strong></span> <span class='ocrx_word' id='word_1_115' title='bbox 756 1738 910 1823; x_wconf 90' lang='lat' dir='ltr'><strong>oppositu</strong></span> <span class='ocrx_word' id='word_1_116' title='bbox 928 1737 1032 1802; x_wconf 90' lang='lat' dir='ltr'><strong>solere</strong></span> <span class='ocrx_word' id='word_1_117' title='bbox 1050 1736 1102 1803; x_wconf 80' lang='lat' dir='ltr'><strong>de</strong></span> 
     </span>
     <span class='ocr_line' id='line_1_17' title="bbox 89 1825 1101 1912; baseline -0.002 -20"><span class='ocrx_word' id='word_1_118' title='bbox 89 1829 198 1911; x_wconf 82' lang='lat' dir='ltr'><strong>ficere,</strong></span> <span class='ocrx_word' id='word_1_119' title='bbox 218 1827 303 1910; x_wconf 90' lang='lat' dir='ltr'><strong>quod</strong></span> <span class='ocrx_word' id='word_1_120' title='bbox 320 1826 491 1892; x_wconf 79' lang='lat' dir='ltr'><strong>Thaletem</strong></span> <span class='ocrx_word' id='word_1_121' title='bbox 504 1825 826 1912; x_wconf 87' lang='lat' dir='ltr'><strong>Milesium-primum</strong></span> <span class='ocrx_word' id='word_1_122' title='bbox 844 1825 963 1891; x_wconf 86' lang='lat' dir='ltr'><strong>vidisse</strong></span> <span class='ocrx_word' id='word_1_123' title='bbox 983 1826 1101 1891; x_wconf 89' lang='lat' dir='ltr'><strong>dieunt.</strong></span> 
     </span>
     <span class='ocr_line' id='line_1_18' title="bbox 89 1913 1102 2000; baseline -0.004 -19"><span class='ocrx_word' id='word_1_124' title='bbox 89 1913 128 1981; x_wconf 92' lang='lat' dir='ltr'><strong>Id</strong></span> <span class='ocrx_word' id='word_1_125' title='bbox 160 1917 271 1981; x_wconf 88' lang='lat' dir='ltr'><strong>autem</strong></span> <span class='ocrx_word' id='word_1_126' title='bbox 300 1919 415 2000; x_wconf 87' lang='lat' dir='ltr'><strong>postea</strong></span> <span class='ocrx_word' id='word_1_127' title='bbox 443 1937 484 1980; x_wconf 90' lang='lat' dir='ltr'><strong>ne</strong></span> <span class='ocrx_word' id='word_1_128' title='bbox 505 1919 655 1982; x_wconf 90' lang='lat' dir='ltr'><strong>nostrum</strong></span> <span class='ocrx_word' id='word_1_129' title='bbox 682 1913 812 1998; x_wconf 90' lang='lat' dir='ltr'><strong>quidem</strong></span> <span class='ocrx_word' id='word_1_130' title='bbox 833 1913 974 1980; x_wconf 83' lang='lat' dir='ltr'><strong>Ennium</strong></span> <span class='ocrx_word' id='word_1_131' title='bbox 1001 1913 1102 2000; x_wconf 70' lang='lat' dir='ltr'><strong>fugit,</strong></span> 
     </span>
     <span class='ocr_line' id='line_1_19' title="bbox 56 2001 1102 2089; baseline -0.003 -20"><span class='ocrx_word' id='word_1_132' title='bbox 56 2003 151 2089; x_wconf 76' lang='lat' dir='ltr'><strong>oqui</strong></span> <span class='ocrx_word' id='word_1_133' title='bbox 173 2006 213 2068; x_wconf 93' lang='lat' dir='ltr'><strong>ut</strong></span> <span class='ocrx_word' id='word_1_134' title='bbox 236 2003 364 2088; x_wconf 86' lang='lat' dir='ltr'><strong>scribit,</strong></span> <span class='ocrx_word' id='word_1_135' title='bbox 387 2025 471 2068; x_wconf 89' lang='lat' dir='ltr'><strong>anno</strong></span> <span class='ocrx_word' id='word_1_136' title='bbox 494 2003 721 2070; x_wconf 78' lang='lat' dir='ltr'><strong>trecentesimo</strong></span> <span class='ocrx_word' id='word_1_137' title='bbox 745 2002 1012 2088; x_wconf 81' lang='lat' dir='ltr'><strong>quinquagesimo</strong></span> <span class='ocrx_word' id='word_1_138' title='bbox 1033 2001 1102 2067; x_wconf 84' lang='lat' dir='ltr'><strong>fere</strong></span> 
     </span>
     <span class='ocr_line' id='line_1_20' title="bbox 6 2090 520 2177; baseline -0.002 -20"><span class='ocrx_word' id='word_1_139' title='bbox 6 2125 7 2129; x_wconf 38' lang='lat'>¹</span> <span class='ocrx_word' id='word_1_140' title='bbox 92 2094 172 2177; x_wconf 89' lang='lat' dir='ltr'><strong>post</strong></span> <span class='ocrx_word' id='word_1_141' title='bbox 195 2090 335 2156; x_wconf 85' lang='lat' dir='ltr'><strong>Romam</strong></span> <span class='ocrx_word' id='word_1_142' title='bbox 357 2092 520 2157; x_wconf 78' lang='lat' dir='ltr'><strong>conditam</strong></span> 
     </span>
     <span class='ocr_line' id='line_1_21' title="bbox 183 2177 1000 2245; baseline 0 -1"><span class='ocrx_word' id='word_1_143' title='bbox 183 2177 306 2245; x_wconf 88' lang='lat' dir='ltr'><strong>Nonis</strong></span> <span class='ocrx_word' id='word_1_144' title='bbox 329 2179 435 2245; x_wconf 88' lang='lat' dir='ltr'><strong>Iunis</strong></span> <span class='ocrx_word' id='word_1_145' title='bbox 460 2180 536 2244; x_wconf 90' lang='lat' dir='ltr'><strong>soli</strong></span> <span class='ocrx_word' id='word_1_146' title='bbox 558 2181 649 2245; x_wconf 88' lang='lat' dir='ltr'><strong>luna</strong></span> <span class='ocrx_word' id='word_1_147' title='bbox 672 2180 835 2245; x_wconf 90' lang='lat' dir='ltr'><strong>obstitit</strong></span> <span class='ocrx_word' id='word_1_148' title='bbox 857 2182 895 2244; x_wconf 88' lang='lat' dir='ltr'><strong>et</strong></span> <span class='ocrx_word' id='word_1_149' title='bbox 917 2201 1000 2244; x_wconf 89' lang='lat' dir='ltr'><strong>nox.</strong></span> 
     </span>
     <span class='ocr_line' id='line_1_22' title="bbox 93 2264 1102 2354; baseline -0.001 -21"><span class='ocrx_word' id='word_1_150' title='bbox 93 2267 206 2352; x_wconf 81' lang='lat' dir='ltr'><strong>Atque</strong></span> <span class='ocrx_word' id='word_1_151' title='bbox 214 2267 276 2333; x_wconf 85' lang='lat' dir='ltr'><strong>hae</strong></span> <span class='ocrx_word' id='word_1_152' title='bbox 285 2267 320 2332; x_wconf 92' lang='lat' dir='ltr'><strong>in</strong></span> <span class='ocrx_word' id='word_1_153' title='bbox 328 2290 363 2332; x_wconf 91' lang='lat' dir='ltr'><strong>re</strong></span> <span class='ocrx_word' id='word_1_154' title='bbox 371 2271 466 2333; x_wconf 87' lang='lat' dir='ltr'><strong>tauta</strong></span> <span class='ocrx_word' id='word_1_155' title='bbox 474 2267 653 2334; x_wconf 87' lang='lat' dir='ltr'><strong>inestratio</strong></span> <span class='ocrx_word' id='word_1_156' title='bbox 663 2272 762 2354; x_wconf 89' lang='lat' dir='ltr'><strong>atque</strong></span> <span class='ocrx_word' id='word_1_157' title='bbox 771 2264 992 2354; x_wconf 68' lang='lat' dir='ltr'><strong>sollertiaflut</strong></span> <span class='ocrx_word' id='word_1_158' title='bbox 1003 2269 1102 2347; x_wconf 63' lang='lat' dir='ltr'><strong>[pase</strong></span> 
     </span>
     <span class='ocr_line' id='line_1_23' title="bbox 94 2354 1102 2442; baseline -0.004 -20"><span class='ocrx_word' id='word_1_159' title='bbox 94 2379 132 2422; x_wconf 85' lang='lat' dir='ltr'><strong>ex</strong></span> <span class='ocrx_word' id='word_1_160' title='bbox 162 2357 226 2422; x_wconf 87' lang='lat' dir='ltr'><strong>hoo</strong></span> <span class='ocrx_word' id='word_1_161' title='bbox 253 2355 317 2441; x_wconf 90' lang='lat' dir='ltr'><strong>die,</strong></span> <span class='ocrx_word' id='word_1_162' title='bbox 345 2378 439 2442; x_wconf 90' lang='lat' dir='ltr'><strong>quem</strong></span> <span class='ocrx_word' id='word_1_163' title='bbox 467 2355 553 2440; x_wconf 90' lang='lat' dir='ltr'><strong>apud</strong></span> <span class='ocrx_word' id='word_1_164' title='bbox 579 2355 720 2422; x_wconf 78' lang='lat' dir='ltr'><strong>Ennium</strong></span> <span class='ocrx_word' id='word_1_165' title='bbox 749 2360 782 2421; x_wconf 90' lang='lat' dir='ltr'><strong>et</strong></span> <span class='ocrx_word' id='word_1_166' title='bbox 808 2356 844 2421; x_wconf 89' lang='lat' dir='ltr'><strong>in</strong></span> <span class='ocrx_word' id='word_1_167' title='bbox 871 2354 1020 2419; x_wconf 84' lang='lat' dir='ltr'><strong>maximis</strong></span> <span class='ocrx_word' id='word_1_168' title='bbox 1049 2376 1102 2419; x_wconf 89' lang='lat' dir='ltr'><strong>an-</strong></span> 
     </span>
     <span class='ocr_line' id='line_1_24' title="bbox 58 2441 1102 2531; baseline -0.004 -20"><span class='ocrx_word' id='word_1_169' title='bbox 58 2445 225 2512; x_wconf 77' lang='lat' dir='ltr'><strong>2⁵nalibus</strong></span> <span class='ocrx_word' id='word_1_170' title='bbox 253 2443 479 2531; x_wconf 80' lang='lat' dir='ltr'><strong>consignatum</strong></span> <span class='ocrx_word' id='word_1_171' title='bbox 505 2443 665 2528; x_wconf 85' lang='lat' dir='ltr'><strong>videmus,</strong></span> <span class='ocrx_word' id='word_1_172' title='bbox 692 2443 874 2529; x_wconf 83' lang='lat' dir='ltr'><strong>superiores</strong></span> <span class='ocrx_word' id='word_1_173' title='bbox 897 2442 976 2506; x_wconf 78' lang='lat' dir='ltr'><strong>solis</strong></span> <span class='ocrx_word' id='word_1_174' title='bbox 1000 2441 1102 2507; x_wconf 84' lang='lat' dir='ltr'><strong>defee-</strong></span> 
     </span>
     <span class='ocr_line' id='line_1_25' title="bbox 92 2527 1102 2618; baseline -0.006 -19"><span class='ocrx_word' id='word_1_175' title='bbox 92 2535 200 2599; x_wconf 89' lang='lat' dir='ltr'><strong>tiones</strong></span> <span class='ocrx_word' id='word_1_176' title='bbox 236 2536 406 2618; x_wconf 88' lang='lat' dir='ltr'><strong>reputatae</strong></span> <span class='ocrx_word' id='word_1_177' title='bbox 438 2532 503 2596; x_wconf 89' lang='lat' dir='ltr'><strong>sint</strong></span> <span class='ocrx_word' id='word_1_178' title='bbox 535 2553 637 2616; x_wconf 87' lang='lat' dir='ltr'><strong>usque</strong></span> <span class='ocrx_word' id='word_1_179' title='bbox 669 2532 710 2596; x_wconf 87' lang='lat' dir='ltr'><strong>ad</strong></span> <span class='ocrx_word' id='word_1_180' title='bbox 740 2532 846 2613; x_wconf 89' lang='lat' dir='ltr'><strong>illam,</strong></span> <span class='ocrx_word' id='word_1_181' title='bbox 884 2550 966 2613; x_wconf 90' lang='lat' dir='ltr'><strong>quae</strong></span> <span class='ocrx_word' id='word_1_182' title='bbox 997 2527 1102 2594; x_wconf 88' lang='lat' dir='ltr'><strong>Nonis</strong></span> 
     </span>
     <span class='ocr_line' id='line_1_26' title="bbox 7 2616 1103 2707; baseline -0.006 -20"><span class='ocrx_word' id='word_1_183' title='bbox 7 2677 8 2680; x_wconf 63' lang='lat'><strong>,</strong></span> <span class='ocrx_word' id='word_1_184' title='bbox 94 2620 314 2698; x_wconf 71' lang='lat' dir='ltr'><strong>Quinctilibus</strong></span> <span class='ocrx_word' id='word_1_185' title='bbox 349 2621 413 2686; x_wconf 86' lang='lat' dir='ltr'><strong>fuit</strong></span> <span class='ocrx_word' id='word_1_186' title='bbox 444 2623 602 2707; x_wconf 79' lang='lat' dir='ltr'><strong>regnante</strong></span> <span class='ocrx_word' id='word_1_187' title='bbox 633 2619 787 2702; x_wconf 84' lang='lat' dir='ltr'><strong>Romu103</strong></span> <span class='ocrx_word' id='word_1_188' title='bbox 823 2617 940 2702; x_wconf 89' lang='lat' dir='ltr'><strong>quibus</strong></span> <span class='ocrx_word' id='word_1_189' title='bbox 974 2616 1103 2700; x_wconf 90' lang='lat' dir='ltr'><strong>quidem</strong></span> 
     </span>
     <span class='ocr_line' id='line_1_27' title="bbox 7 2706 1103 2776; baseline -0.007 -1"><span class='ocrx_word' id='word_1_190' title='bbox 7 2753 8 2756; x_wconf 57' lang='lat'><em>=</em></span> <span class='ocrx_word' id='word_1_191' title='bbox 94 2709 271 2776; x_wconf 88' lang='lat' dir='ltr'><strong>Romulum</strong></span> <span class='ocrx_word' id='word_1_192' title='bbox 299 2708 443 2774; x_wconf 86' lang='lat' dir='ltr'><strong>tenebris</strong></span> <span class='ocrx_word' id='word_1_193' title='bbox 473 2708 603 2774; x_wconf 89' lang='lat' dir='ltr'><strong>etiamsi</strong></span> <span class='ocrx_word' id='word_1_194' title='bbox 631 2711 750 2772; x_wconf 86' lang='lat' dir='ltr'><strong>natura</strong></span> <span class='ocrx_word' id='word_1_195' title='bbox 777 2706 819 2771; x_wconf 88' lang='lat' dir='ltr'><strong>ad</strong></span> <span class='ocrx_word' id='word_1_196' title='bbox 846 2706 1023 2770; x_wconf 88' lang='lat' dir='ltr'><strong>humanum</strong></span> <span class='ocrx_word' id='word_1_197' title='bbox 1052 2726 1103 2768; x_wconf 89' lang='lat' dir='ltr'><strong>ex-</strong></span> 
     </span>
     <span class='ocr_line' id='line_1_28' title="bbox 94 2792 1102 2881; baseline -0.005 -19"><span class='ocrx_word' id='word_1_198' title='bbox 94 2799 178 2862; x_wconf 91' lang='lat' dir='ltr'><strong>itum</strong></span> <span class='ocrx_word' id='word_1_199' title='bbox 193 2796 345 2881; x_wconf 77' lang='lat' dir='ltr'><strong>abripuit,</strong></span> <span class='ocrx_word' id='word_1_200' title='bbox 358 2796 462 2862; x_wconf 85' lang='lat' dir='ltr'><strong>virtus</strong></span> <span class='ocrx_word' id='word_1_201' title='bbox 476 2800 586 2862; x_wconf 88' lang='lat' dir='ltr'><strong>tamen</strong></span> <span class='ocrx_word' id='word_1_202' title='bbox 599 2796 635 2861; x_wconf 91' lang='lat' dir='ltr'><strong>in</strong></span> <span class='ocrx_word' id='word_1_203' title='bbox 652 2796 777 2861; x_wconf 84' lang='lat' dir='ltr'><strong>eaelum</strong></span> <span class='ocrx_word' id='word_1_204' title='bbox 793 2793 911 2859; x_wconf 86' lang='lat' dir='ltr'><strong>dieitur</strong></span> <span class='ocrx_word' id='word_1_205' title='bbox 922 2792 1102 2859; x_wconf 78' lang='lat' dir='ltr'><strong>sustulisse.</strong></span> 
     </span>
     <span class='ocr_line' id='line_1_29' title="bbox 59 2853 1156 2980; baseline 0.002 -35.908"><span class='ocrx_word' id='word_1_206' title='bbox 59 2901 84 2944; x_wconf 81' lang='lat' dir='ltr'><strong>eo</strong></span> <span class='ocrx_word' id='word_1_207' title='bbox 162 2884 245 2950; x_wconf 78' lang='lat' dir='ltr'><strong>&#39;lum</strong></span> <span class='ocrx_word' id='word_1_208' title='bbox 269 2885 408 2950; x_wconf 84' lang='lat' dir='ltr'><strong>Tubero:</strong></span> <span class='ocrx_word' id='word_1_209' title='bbox 436 2884 586 2970; x_wconf 86' lang='lat' dir='ltr'><strong>Videsne,</strong></span> <span class='ocrx_word' id='word_1_210' title='bbox 611 2883 773 2968; x_wconf 81' lang='lat' dir='ltr'><strong>Africano,</strong></span> <span class='ocrx_word' id='word_1_211' title='bbox 797 2882 882 2968; x_wconf 89' lang='lat' dir='ltr'><strong>quod</strong></span> <span class='ocrx_word' id='word_1_212' title='bbox 904 2881 1004 2967; x_wconf 80' lang='lat' dir='ltr'><strong>poulo</strong></span> <span class='ocrx_word' id='word_1_213' title='bbox 1028 2853 1156 2980; x_wconf 57' lang='lat' dir='ltr'><strong>melei</strong></span> 
     </span>
     <span class='ocr_line' id='line_1_30' title="bbox 6 2973 645 3057; baseline 0 -19"><span class='ocrx_word' id='word_1_214' title='bbox 6 2995 8 3010; x_wconf 66' lang='lat'><em>²</em></span> <span class='ocrx_word' id='word_1_215' title='bbox 97 2995 188 3039; x_wconf 83' lang='lat' dir='ltr'><strong>secus</strong></span> <span class='ocrx_word' id='word_1_216' title='bbox 212 2973 274 3038; x_wconf 89' lang='lat' dir='ltr'><strong>tibi</strong></span> <span class='ocrx_word' id='word_1_217' title='bbox 296 2973 475 3057; x_wconf 83' lang='lat' dir='ltr'><strong>videbatur,</strong></span> <span class='ocrx_word' id='word_1_218' title='bbox 499 2973 558 3039; x_wconf 87' lang='lat' dir='ltr'><strong>doe</strong></span> <span class='ocrx_word' id='word_1_219' title='bbox 573 3024 580 3038; x_wconf 93' lang='lat'><strong>.</strong></span> <span class='ocrx_word' id='word_1_220' title='bbox 595 3024 602 3038; x_wconf 89' lang='lat'><strong>.</strong></span> <span class='ocrx_word' id='word_1_221' title='bbox 617 3024 645 3039; x_wconf 90' lang='lat'><strong>..</strong></span> 
     </span>
    </p>
   </div>
   <div class='ocr_carea' id='block_1_3' title="bbox 345 3131 855 3214">
    <p class='ocr_par' dir='ltr' id='par_1_3' title="bbox 345 3131 855 3214">
     <span class='ocr_line' id='line_1_31' title="bbox 345 3131 855 3214; baseline -0.006 -15"><span class='ocrx_word' id='word_1_222' title='bbox 345 3131 582 3214; x_wconf 73' lang='lat' dir='ltr'><strong>[Desiderantur</strong></span> <span class='ocrx_word' id='word_1_223' title='bbox 598 3132 735 3214; x_wconf 73' lang='lat' dir='ltr'><strong>popinae</strong></span> <span class='ocrx_word' id='word_1_224' title='bbox 756 3133 855 3211; x_wconf 82' lang='lat' dir='ltr'><strong>duae]</strong></span> 
     </span>
    </p>
   </div>
   <div class='ocr_carea' id='block_1_4' title="bbox 6 3235 1103 3614">
    <p class='ocr_par' dir='ltr' id='par_1_4' title="bbox 6 3235 1103 3614">
     <span class='ocr_line' id='line_1_32' title="bbox 6 3235 1102 3323; baseline -0.006 -20"><span class='ocrx_word' id='word_1_225' title='bbox 6 3241 8 3292; x_wconf 85' lang='grc' dir='ltr'>ἶ</span> <span class='ocrx_word' id='word_1_226' title='bbox 98 3237 239 3322; x_wconf 89' lang='lat' dir='ltr'><strong>....lis,</strong></span> <span class='ocrx_word' id='word_1_227' title='bbox 267 3260 349 3323; x_wconf 86' lang='lat' dir='ltr'><strong>quae</strong></span> <span class='ocrx_word' id='word_1_228' title='bbox 375 3237 507 3303; x_wconf 87' lang='lat' dir='ltr'><strong>videant</strong></span> <span class='ocrx_word' id='word_1_229' title='bbox 534 3236 642 3301; x_wconf 82' lang='lat' dir='ltr'><strong>aeteri.</strong></span> <span class='ocrx_word' id='word_1_230' title='bbox 683 3235 768 3312; x_wconf 84' lang='lat' dir='ltr'><strong>Quid</strong></span> <span class='ocrx_word' id='word_1_231' title='bbox 787 3256 886 3319; x_wconf 88' lang='lat' dir='ltr'><strong>porro</strong></span> <span class='ocrx_word' id='word_1_232' title='bbox 910 3238 967 3299; x_wconf 87' lang='lat' dir='ltr'><strong>aut</strong></span> <span class='ocrx_word' id='word_1_233' title='bbox 990 3236 1032 3314; x_wconf 85' lang='lat' dir='ltr'><strong>[p.</strong></span> <span class='ocrx_word' id='word_1_234' title='bbox 1053 3250 1102 3297; x_wconf 82' lang='lat'><strong>121</strong></span> 
     </span>
     <span class='ocr_line' id='line_1_33' title="bbox 97 3319 1102 3412; baseline -0.009 -19"><span class='ocrx_word' id='word_1_235' title='bbox 97 3327 299 3412; x_wconf 79' lang='lat' dir='ltr'><strong>praeclarum</strong></span> <span class='ocrx_word' id='word_1_236' title='bbox 322 3328 415 3410; x_wconf 87' lang='lat' dir='ltr'><strong>putet</strong></span> <span class='ocrx_word' id='word_1_237' title='bbox 437 3325 472 3390; x_wconf 90' lang='lat' dir='ltr'><strong>in</strong></span> <span class='ocrx_word' id='word_1_238' title='bbox 493 3325 590 3390; x_wconf 89' lang='lat' dir='ltr'><strong>rebus</strong></span> <span class='ocrx_word' id='word_1_239' title='bbox 613 3323 773 3407; x_wconf 89' lang='lat' dir='ltr'><strong>humanis,</strong></span> <span class='ocrx_word' id='word_1_240' title='bbox 796 3323 850 3406; x_wconf 91' lang='lat' dir='ltr'><strong>qui</strong></span> <span class='ocrx_word' id='word_1_241' title='bbox 871 3321 951 3386; x_wconf 86' lang='lat' dir='ltr'><strong>haee</strong></span> <span class='ocrx_word' id='word_1_242' title='bbox 969 3319 1102 3386; x_wconf 87' lang='lat' dir='ltr'><strong>deorum</strong></span> 
     </span>
     <span class='ocr_line' id='line_1_34' title="bbox 99 3408 1103 3501; baseline -0.009 -22"><span class='ocrx_word' id='word_1_243' title='bbox 99 3437 198 3501; x_wconf 80' lang='lat' dir='ltr'><strong>regna</strong></span> <span class='ocrx_word' id='word_1_244' title='bbox 215 3414 425 3500; x_wconf 82' lang='lat' dir='ltr'><strong>perspexerit,</strong></span> <span class='ocrx_word' id='word_1_245' title='bbox 444 3417 501 3480; x_wconf 89' lang='lat' dir='ltr'><strong>aut</strong></span> <span class='ocrx_word' id='word_1_246' title='bbox 519 3413 715 3495; x_wconf 89' lang='lat' dir='ltr'><strong>diuturnum,</strong></span> <span class='ocrx_word' id='word_1_247' title='bbox 734 3410 789 3495; x_wconf 92' lang='lat' dir='ltr'><strong>qui</strong></span> <span class='ocrx_word' id='word_1_248' title='bbox 808 3409 1007 3496; x_wconf 80' lang='lat' dir='ltr'><strong>cognoverit,</strong></span> <span class='ocrx_word' id='word_1_249' title='bbox 1026 3408 1103 3492; x_wconf 90' lang='lat' dir='ltr'><strong>quid</strong></span> 
     </span>
     <span class='ocr_line' id='line_1_35' title="bbox 6 3498 1103 3614; baseline -0.006 -47"><span class='ocrx_word' id='word_1_250' title='bbox 6 3573 8 3614; x_wconf 53' lang='lat'><strong>,</strong></span> <span class='ocrx_word' id='word_1_251' title='bbox 62 3516 87 3557; x_wconf 79' lang='lat'><strong>³⁵</strong></span> <span class='ocrx_word' id='word_1_252' title='bbox 101 3503 141 3567; x_wconf 89' lang='lat' dir='ltr'><strong>sit</strong></span> <span class='ocrx_word' id='word_1_253' title='bbox 163 3507 340 3587; x_wconf 84' lang='lat' dir='ltr'><strong>aeternum,</strong></span> <span class='ocrx_word' id='word_1_254' title='bbox 363 3506 419 3568; x_wconf 90' lang='lat' dir='ltr'><strong>aut</strong></span> <span class='ocrx_word' id='word_1_255' title='bbox 442 3501 630 3588; x_wconf 80' lang='lat' dir='ltr'><strong>gloriosum,</strong></span> <span class='ocrx_word' id='word_1_256' title='bbox 653 3499 709 3584; x_wconf 93' lang='lat' dir='ltr'><strong>qui</strong></span> <span class='ocrx_word' id='word_1_257' title='bbox 731 3498 857 3583; x_wconf 86' lang='lat' dir='ltr'><strong>viderit,</strong></span> <span class='ocrx_word' id='word_1_258' title='bbox 880 3519 977 3583; x_wconf 89' lang='lat' dir='ltr'><strong>quam</strong></span> <span class='ocrx_word' id='word_1_259' title='bbox 1000 3518 1103 3582; x_wconf 87' lang='lat' dir='ltr'><strong>parva</strong></span> 
     </span>
    </p>
   </div>
   <div class='ocr_carea' id='block_1_5' title="bbox 0 0 1246 3936">
    <p class='ocr_par' dir='ltr' id='par_1_5' title="bbox 0 0 1246 3936">
     <span class='ocr_line' id='line_1_36' title="bbox 0 0 1246 3936; baseline 0 0"><span class='ocrx_word' id='word_1_260' title='bbox 0 0 1246 3936; x_wconf 95' lang='lat' dir='ltr'><strong> </strong></span> 
     </span>
    </p>
   </div>
  </div>
 </body>
</html>
