2476 3936
175 233 241 299 302
533 227 822 285 unsaramma

175 376 445 443 adulescentes
471 379 515 440 ut
541 395 672 440 senum
695 375 771 440 sibi
792 373 942 460 pondus
963 373 1172 457 adsumant,

175 483 286 530 senes
312 468 438 528 autern
466 463 512 529 ad
538 463 667 529 ludum
696 462 1002 528 adulescentium
1027 461 1172 528 descen-

175 553 281 635 dant,
298 567 344 617 ua
363 551 444 616 sint
460 552 509 616 iis
528 551 655 618 odiosi
673 555 712 616 et
730 569 881 638 gravem
904 571 947 616 ex
966 571 1039 634 quo
1055 549 1120 634 fit,
1136 553 1173 612 ut

174 669 201 721 p.
223 643 286 721 161]
310 640 426 705 etiam
454 639 557 705 sarri
581 661 620 704 se
643 639 808 706 liberius
832 638 837 725 Ι
863 642 1016 726 gerant,
1041 653 1173 704 uxores

176 729 306 794 eodem
332 729 413 795 iure
441 729 533 813 sint,
565 749 638 812 quo
665 728 754 811 viri,
780 728 896 812 inque
922 731 1035 792 tanta
1062 727 1194 791 liber-⁵
1222 799 1224 810 Α

175 821 258 882 tate
280 837 393 882 canes
416 816 533 882 etiam
556 821 594 881 et
615 817 716 901 equi,
739 816 854 881 aselli
877 815 1041 900 denique
1063 814 1176 879 liberi

176 906 230 971 sic
261 905 476 992 incurrant,
512 908 554 969 ut
584 904 633 969 iis
665 903 709 970 de
740 903 803 970 via
834 903 1091 969 decedendum
1121 903 1176 967 sit.

175 993 278 1081 Ergo
319 1009 362 1058 er
402 993 472 1059 hac
511 991 685 1077 infinita,
724 992 845 1076 inquit,
885 992 1051 1058 licentia
1091 991 1176 1056 haec
1224 1077 1225 1080 Ἴ

177 1101 323 1147 summa
351 1082 519 1168 cogitur,
549 1085 592 1145 ut
620 1080 679 1146 ita
705 1080 937 1146 fastidiosae
966 1081 1176 1165 mollesque
1225 1112 1226 1200 p

176 1173 324 1236 mentes
351 1170 516 1236 eradant
542 1169 696 1253 civium,
722 1173 776 1253 ut,
804 1169 837 1234 si
858 1169 1017 1234 minima
1039 1169 1100 1234 ais
1122 1167 1226 1236 ssd-1⁰2

175 1259 358 1323 hibeatur
393 1257 559 1342 imperii,
594 1257 814 1323 irascantur
846 1262 883 1322 et
914 1257 1093 1342 perferre
1123 1278 1177 1321 ne·

177 1349 331 1431 queant3
359 1365 401 1410 ex
429 1367 501 1430 quo
528 1346 635 1431 leges
664 1366 813 1430 quoque
835 1345 1031 1430 incipiunt
1054 1346 1178 1433 negle-

177 1454 280 1520 gere,
302 1437 344 1498 ut
365 1434 480 1518 plane
503 1433 585 1499 sine
607 1433 689 1499 ullo
712 1433 865 1498 domiuo
889 1433 990 1498 sint?

123 1504 166 1631 ἐξ
176 1552 204 1602 p.
220 1525 284 1604 rsa]
352 1521 435 1586 Tum
448 1521 592 1587 Laelius:
612 1521 617 1604 Ι
636 1521 783 1607 Prorsus,
801 1522 917 1607 inquit,
935 1543 1092 1608 expressa
1109 1526 1178 1588 suut
1226 1553 1227 1558 κ

176 1635 200 1677 a
223 1616 271 1696 te,
301 1631 382 1696 quae
410 1610 496 1676 dicta
519 1610 659 1675 suntab
682 1611 750 1676 illo.
785 1609 818 1676 S.
841 1613 963 1695 Atque,
992 1615 1030 1676 ut
1054 1612 1122 1677 iam
1143 1611 1178 1676 ad
1189 1627 1207 1668 1⁵

176 1700 333 1766 sermonis
351 1699 416 1764 mei
434 1702 598 1764 auctorem
616 1702 770 1782 revertar,
789 1721 828 1764 ex
846 1699 908 1764 hac
925 1699 1028 1764 nimia
1043 1700 1178 1780 licentia

177 1811 273 1873 quam
291 1788 343 1853 illi
361 1787 465 1854 solam
483 1787 670 1852 libertatem
687 1791 814 1872 putant,
833 1787 881 1852 ait
897 1787 955 1852 ille
972 1791 1011 1853 ut
1026 1811 1069 1853 cx
1084 1791 1178 1873 stirpe

176 1877 315 1962 quadam
343 1877 480 1942 existere
508 1879 541 1940 et
568 1874 661 1959 quasi
686 1876 778 1941 nasci
804 1879 986 1960 tyrannum.
1031 1875 1123 1943 Nam
1147 1879 1179 1940 ut

176 1985 215 2032 ex
245 1965 346 2030 nimia
373 1964 520 2049 potentia
546 1963 729 2048 principum
756 1964 860 2029 oritur
886 1964 1040 2030 interitus
1069 1964 1178 2052 princi·

176 2075 269 2137 pum,
296 2054 342 2118 sic
368 2053 454 2118 hunc
480 2051 577 2116 nimis
605 2051 744 2116 liberum
770 2052 927 2137 populum
950 2053 1092 2120 libertas
1114 2055 1208 2139 ipsso

177 2142 334 2206 servitute
361 2141 477 2206 adficit.
522 2137 576 2205 Sic
602 2139 712 2204 omnia
733 2140 847 2224 nimia,
875 2162 948 2206 cum
970 2141 1023 2206 vel
1047 2143 1085 2207 in
1107 2147 1179 2207 tem-

175 2257 203 2381 p.
222 2225 691 2381 ²⁵⁷],Piffffiwtielftnfagfis
714 2229 819 2381 vepttin
837 2229 1026 2380 ctorporibus
1045 2231 1181 2383 laetior}

176 2333 1179 2492 ideidiuisnpiniriiiiiagvaenitteniiriiiqudlilid’liidrxiilseiiepir

177 2494 262 2580 pulis
285 2497 318 2559 et
340 2493 479 2579 privatis
500 2491 535 2556 in
556 2492 690 2557 nimiam
714 2494 904 2559 servitutem
927 2494 1021 2560 cadit.
1068 2495 1208 2580 Itaquea

178 2604 216 2648 ex
238 2582 301 2648 hac
322 2582 464 2646 maxima
486 2580 638 2645 libertate
661 2585 817 2664 tyrannus
842 2583 987 2668 gignitur
1006 2587 1039 2648 et
1058 2585 1121 2650 illa
1138 2585 1179 2648 in·

176 2671 356 2736 iustissima
378 2673 411 2735 et
434 2669 607 2735 durissima
624 2669 772 2734 servitus.
807 2669 858 2735 Ex
875 2670 937 2737 hoo
955 2671 1041 2736 enim
1060 2673 1178 2758 populo

175 2759 335 2824 indomito
362 2759 415 2824 vel
442 2757 550 2843 potius
577 2757 711 2822 immani
739 2757 892 2844 deligitur
919 2759 1020 2842 aliqui
1042 2763 1179 2845 plerum·

176 2875 205 2926 p.
223 2849 288 2927 aaa]
317 2866 378 2929 que
408 2845 471 2911 dux
500 2849 614 2912 contra
639 2846 715 2911 illos
743 2846 904 2932 principes
932 2846 1090 2933 adiflictos
1117 2850 1178 2914 iam

178 2937 210 2998 et
234 2933 384 3017 depulsos
407 2934 479 2999 loco
502 2934 620 3017 audax,
646 2934 794 3019 inpurus,
820 2939 1009 3001 consectans
1030 2942 1209 3022 protervas

177 3023 258 3086 bene
282 3041 378 3105 saepe
401 3021 440 3085 da
462 3043 497 3085 re
520 3022 651 3107 publica
674 3022 822 3107 meritos,
847 3023 970 3109 populo
993 3026 1178 3110 gratificans

178 3113 211 3174 et
234 3108 340 3174 aliena
362 3110 396 3173 et
419 3129 490 3191 sua3
513 3110 564 3173 cui
587 3110 664 3194 quia
685 3111 813 3194 privato
832 3116 908 3176 sunt
925 3113 1070 3198 oppositi
1088 3115 1178 3178 timo-

177 3220 238 3282 res,
253 3198 370 3262 dantur
384 3197 521 3281 imperia
534 3201 567 3262 et
581 3218 619 3262 ea
633 3199 871 3284 continuantur,
888 3200 1059 3285 praesidiis
1074 3203 1177 3282 etiam,

177 3290 214 3351 ut
232 3285 371 3350 Athenis
389 3284 591 3369 Pisistratus,
614 3286 810 3372 saepiuntur,
832 3291 1007 3373 postremo,
1026 3312 1046 3355 a
1064 3291 1176 3375 quibus

177 3373 326 3458 producti
350 3377 440 3456 sunt,
462 3373 604 3437 existunt
627 3391 738 3439 eorum
759 3376 906 3461 ipsorum
927 3379 1071 3462 tyranni3
1099 3389 1208 3463 quous

178 3462 206 3525 si
232 3461 311 3526 boni
337 3464 580 3544 oppresserunt,
606 3465 644 3524 ut
672 3483 767 3548 saepe
789 3464 840 3548 fit,
865 3468 1031 3530 recreatur
1052 3467 1176 3548 ciritas3

176 3575 204 3627 p.
225 3549 288 3628 raa]
312 3547 363 3611 sin
386 3547 535 3630 audaces,
557 3548 596 3612 fit
617 3547 685 3634 ilgla
706 3551 815 3635 factio,
838 3571 940 3638 genua
963 3553 1051 3619 aliud
1073 3559 1176 3639 tyran·
