2476 3936
269 203 503 273 Aauuu.,u1n.
522 206 542 260 1.
563 205 639 261 one.
660 211 685 272 1,
704 211 728 260 1.
747 211 762 272 s
779 213 854 262 1-3.
998 177 1062 272 273

16 419 20 433 1
68 353 135 414 sunt
164 349 250 414 baad
278 348 391 434 prooul
420 349 462 414 ab
495 350 612 414 aetatis
644 349 740 414 huius
773 349 942 434 memoria,
978 371 1062 416 oom-

68 458 236 504 memornre
258 458 315 502 eos
338 437 459 521 desino,
480 459 522 503 ue
544 438 617 522 quis
640 459 674 503 se
694 441 751 503 aut
769 458 902 503 suorum
921 438 1063 524 aliquem
1140 453 1143 460 ⁴

67 526 322 610 praetermissum
350 529 511 610 queratur.
556 525 667 591 Unum
688 526 751 591 hoe
773 525 905 611 definio,
934 530 1062 592 tantem

67 635 129 678 esee
153 613 380 680 necessitatem
409 613 541 679 virtutis
569 614 680 700 generi
706 614 874 680 hominum
903 618 1063 680 auatura

44 705 249 786 ⁵teutumque
275 723 419 768 umorem
442 701 483 767 ad
505 724 709 768 communem
731 703 871 768 salutem
894 701 1063 769 defenden-

66 790 132 856 dam
157 791 283 874 datum,
309 793 348 855 ut
373 811 412 856 ea
433 791 483 856 vis
506 791 615 856 omnia
636 789 860 856 blandimenta
881 791 1062 877 voluptatis

66 879 179 964 otiique
201 877 326 945 vicerit.

122 965 189 1034 Nee
215 988 294 1032 vero
321 965 441 1032 babere
466 965 625 1032 virtutem
654 967 734 1032 satis
763 971 813 1032 est
840 967 934 1051 quasi
957 933 1101 1062 artem}

65 1054 213 1140 aliquam,
234 1054 300 1120 nisi
323 1055 329 1139 Ι
352 1059 459 1140 utare3
482 1054 544 1120 etsi
567 1077 620 1120 ars
644 1055 786 1140 quidem,
809 1075 882 1121 oum
906 1077 944 1120 ea
967 1057 1007 1136 [p.
1027 1073 1060 1122 ts

35 1163 123 1209 uuou
143 1147 244 1228 utare,
267 1143 403 1209 seientia
425 1147 536 1208 tamen
552 1144 625 1229 ipsa
641 1143 745 1209 teneri
762 1146 880 1229 potest,
903 1143 1008 1210 virtus
1026 1144 1063 1210 in

64 1253 119 1298 usu
148 1232 199 1298 sui
229 1234 302 1298 tota
332 1231 441 1317 posita
472 1235 535 1316 est3
566 1253 644 1296 urus
677 1235 787 1298 autem
817 1231 886 1297 eins
917 1235 969 1297 est
996 1253 1062 1298 ma·

64 1319 161 1386 ximus
188 1320 332 1387 civitatis
360 1320 554 1407 gubernatio
581 1324 615 1384 et
642 1341 753 1386 earum
777 1318 923 1407 ipsarum
944 1341 1062 1407 rerum,

64 1431 137 1493 quas
163 1409 221 1474 isti
247 1410 283 1474 iu
309 1408 438 1495 angulis
460 1412 651 1495 personant,
677 1429 804 1494 reapse,
825 1430 893 1475 uon
915 1409 1061 1476 oratione

34 1497 235 1653 „tritu
252 1495 598 1670 desistis
615 1489 1062 1671 destruitur

63 1675 346 1759 eondrmatumque
363 1672 417 1759 sit,
438 1695 458 1740 a
476 1636 798 1758 quibus'airitatibus
816 1671 889 1737 iura
906 1673 1062 1759 discripta

63 1766 140 1828 sunt.
175 1761 271 1828 Unde
290 1761 295 1845 Ι
315 1761 401 1827 enim
422 1761 528 1847 pietas
546 1763 604 1827 aut
622 1783 642 1826 e
659 1760 776 1845 quibus
794 1760 934 1846 religio?
954 1761 994 1842 [p.
1011 1778 1061 1826 123

62 1850 139 1916 uude
165 1851 217 1916 ins
245 1854 302 1915 aut
330 1849 476 1936 gentium
499 1853 557 1915 aut
578 1848 640 1914 boe
661 1847 769 1934 ipsum
792 1848 886 1913 civile
908 1847 994 1933 quod
1017 1848 1062 1913 di-

63 1938 161 2005 eitur?
184 1938 269 2004 uude
292 1938 428 2022 iustitia,
451 1938 541 2022 fides,
563 1936 731 2023 aequitas?
754 1937 837 2002 unde
855 1935 967 2038 pudor,
990 1959 1062 2002 oon-

33 2026 208 2111 eruenda,
239 2027 319 2113 fuga
344 2026 569 2112 turpitudinis,
601 2024 787 2112 adpetentia
813 2025 919 2091 leudis
946 2029 980 2090 et
1006 2025 1062 2090 ho·

62 2115 217 2182 nestatis?
248 2114 334 2195 unde
364 2114 401 2180 in
430 2114 597 2180 laboribus
630 2118 663 2178 et
697 2113 849 2198 perieulis
880 2112 1061 2179 fortitudo?

62 2202 182 2290 Nempe
205 2203 247 2269 ab
269 2203 320 2288 iis,
343 2202 400 2288 qui
422 2201 502 2268 haee
520 2201 699 2287 disciplinis
716 2201 894 2267 informata
912 2202 978 2268 alie
996 2223 1062 2268 mo

62 2292 146 2358 ribus
159 2292 403 2376 confirmarunt,
420 2293 595 2356 sanxerunt
609 2294 717 2355 autem
732 2290 799 2355 alia
812 2290 948 2376 legibus.
977 2289 1062 2365 Quin
1079 2305 1096 2354 3

63 2380 155 2446 etiam
177 2379 382 2446 Xenocraten
407 2378 529 2462 ierunt,
556 2378 700 2444 nobilem
726 2378 762 2443 iu
782 2377 897 2463 primia
920 2377 1062 2461 philoso

33 2469 171 2554 uphem,
199 2491 272 2535 oum
297 2463 514 2554 quaelreretur
536 2487 575 2532 ex
598 2487 650 2550 eo,
677 2466 754 2551 quid
776 2465 927 2549 adseque
951 2467 991 2546 [p.
1012 2481 1063 2529 rar

62 2562 168 2624 rentur
196 2556 264 2622 eius
292 2554 454 2641 discipuli,
485 2555 702 2640 respondisse,
734 2557 772 2618 ut
798 2553 832 2617 id
860 2573 920 2618 sue
947 2556 1062 2638 sponte

62 2644 214 2730 facerent,
242 2643 328 2731 quod
354 2647 547 2730 cogerentur
572 2642 678 2708 fecere
705 2640 843 2728 legibus.
888 2641 978 2728 Ergo
1004 2639 1062 2706 ille

63 2733 150 2819 civis,
183 2733 239 2818 qui
269 2732 303 2797 id
333 2731 423 2818 eogit
454 2731 559 2798 omnis
586 2729 722 2816 imperio
749 2730 922 2816 legumque
949 2746 1062 2815 poena,

63 2821 144 2906 quod
169 2823 225 2888 vix
252 2820 362 2907 paneis
390 2820 584 2906 persuadere
611 2819 756 2884 oratione
778 2816 968 2903 philosophi
990 2839 1063 2902 pos-

32 2915 144 2997 usunt,
166 2911 267 2976 etiam
288 2908 338 2994 iis,
361 2908 417 2993 qui
437 2909 499 2974 illa
517 2907 693 2993 disputant,
714 2905 795 2994 ipsis
814 2909 865 2972 est
883 2905 1063 2991 praeferen-

63 2999 116 3066 dus
149 2997 344 3066 doetoribus.
388 2996 476 3073 Quae
503 2999 554 3062 est
580 2995 667 3062 enim
693 2996 833 3062 istorum
859 2995 966 3060 oratio
992 2999 1063 3060 tem

63 3088 228 3174 exquisite,
251 3108 332 3170 quae
356 3086 400 3151 sit
423 3085 648 3170 anteponendo
669 3086 751 3150 bene
773 3084 970 3151 constitutae
988 3083 1063 3149 eivi-

62 3178 121 3242 tsti
141 3175 273 3262 publieo
294 3174 365 3241 inre
386 3177 420 3240 et
437 3173 604 3239 moribus?
636 3173 795 3259 Equidem
814 3173 820 3257 Ι
840 3193 936 3258 quem
956 3174 996 3251 [p.
1012 3186 1062 3236 125

63 3264 249 3331 admodum
272 3262 402 3328 ‘urbes
425 3284 583 3349 maguae
606 3265 722 3346 atque
744 3259 1003 3347 imperioses',
1025 3263 1063 3324 nt

33 3354 204 3439 tappellat
225 3352 360 3437 Ennius,
382 3351 497 3417 vinulis
517 3355 549 3416 et
567 3351 710 3416 castellis
728 3348 954 3436 praeferendae
972 3351 1062 3431 puto,

64 3441 104 3507 sio
135 3462 204 3525 eos,
236 3440 293 3526 qui
322 3441 374 3506 bis
406 3439 540 3505 urbibus
572 3439 707 3504 oonsilio
739 3441 835 3522 atque
868 3435 1062 3502 auctoritate

63 3529 294 3615 praesanatis,
318 3529 373 3616 qui
395 3527 500 3596 omnis
522 3527 647 3617 negotii
669 3526 792 3622 publici
815 3527 961 3614 expertes
985 3523 1061 3607 sint,

113 3642 168 3688 oro.
181 3643 223 3686 Π.
237 3645 257 3684 a
818 3635 851 3687 18
