2510 3936
154 189 222 256 412
257 163 260 168 ’
550 185 599 240 us
617 181 774 238 nucleus

223 333 336 400 Ritus
358 331 533 398 familiae
556 332 786 415 patrumque
808 329 1002 393 servanto.

133 463 134 470 κ
223 422 342 487 Divos
371 425 408 485 et
435 440 514 502 eos,
541 417 604 504 qui
631 415 823 481 caelestes
851 436 1001 499 semper
1022 412 1163 498 habiti,

157 510 315 577 colunto
338 513 376 574 et
399 507 514 590 ollos,
538 527 631 590 quos
655 503 751 569 endo
774 503 881 568 caelo
904 502 1044 568 merita
1062 502 1164 567 loca·

156 598 299 681 verint,
325 595 543 679 Herculem,
569 593 763 676 Liberum,
785 590 1076 675 Aesculapium,
1098 587 1165 654 Oa-

159 689 316 768 storem,
337 682 549 766 Pollucem,
571 680 782 764 Quirinum,
805 682 867 744 ast
890 679 982 762 olla,
1005 682 1191 763 propter⁵

159 795 255 859 quae
285 774 397 838 datur
424 770 571 836 homini
599 786 787 836 ascensus·
808 767 848 832 in
874 766 1035 850 caelum,
1066 765 1166 831 Men-

153 865 248 945 tem,
284 860 494 943 Virtutem,
533 857 740 942 Pietatem,
775 853 920 939 Fidem,
961 875 1165 939 earumque

159 947 313 1015 laudum
336 948 498 1014 delubra
520 949 647 1029 sunto,
666 949 714 1010 'ne
737 944 878 1010 uncula
899 942 1097 1009 vitiorum.

226 1036 342 1103 Sacra
364 1035 571 1102 sollemnia
594 1034 771 1099 obeunte.

225 1124 350 1190 Feriis
380 1124 509 1210 iurgia
538 1125 741 1188 amovento
771 1140 912 1203 easque
940 1119 981 1184 in
1007 1119 1167 1185 famulis
1180 1134 1202 1176 1⁰

160 1209 760 1367 testutnttttttttttttt
791 1206 925 1362 illd}
951 1208 1167 1362 ttdttt·

160 1387 373 1471 Certasque
405 1385 538 1471 fruges
568 1347 773 1469 certasque
799 1318 1167 1450 bacaspsacerdotes

159 1475 315 1560 publice
342 1474 506 1557 libaut03
537 1473 610 1540 hoc
636 1473 756 1540 certis
783 1471 999 1538 sacrificiis
1027 1495 1071 1538 sc
1093 1473 1167 1537 die-

106 1565 245 1648 cobus,
275 1563 444 1647 itemque
476 1560 576 1628 alios
609 1561 655 1627 ad
687 1561 768 1636 dies
799 1560 1018 1626 ubertatem
1051 1561 1166 1626 lactis
1179 1575 1201 1616 1⁵

159 1651 388 1737 feturaeque
420 1653 616 1734 servant03
648 1649 762 1734 idque
788 1670 833 1713 ne
861 1649 1058 1714 committi
1084 1671 1167 1734 pos·

160 1740 228 1824 sit,
248 1739 294 1803 ad
312 1761 393 1805 eam
410 1760 503 1823 rem,
521 1738 714 1804 rationem
733 1757 867 1803 cursus
882 1758 1029 1802 annuos
1044 1759 1167 1804 sacer·

161 1827 271 1894 dotes
296 1826 483 1911 finiunto3
510 1848 683 1912 quaeque
706 1826 872 1910 quoique
896 1825 985 1890 divo
1008 1825 1166 1892 decorae

161 1920 373 2001 grataeque
397 1916 475 1981 sint
498 1915 665 1999 hostiae,
687 1914 928 1999 providente.

226 2002 415 2088 Divisque
434 2002 526 2068 aliis
542 2004 614 2069 alii
627 2002 865 2086 sacerdotes,
884 2000 1064 2067 omnibus
1077 2017 1198 2087 pon-2⁰
1238 2035 1239 2078 ,

159 2091 307 2174 tifices,
335 2092 503 2177 singulis
530 2090 713 2156 flamines
736 2093 862 2156 sunto.
906 2088 1165 2176 Virginesque

159 2176 342 2242 Vestales
373 2179 414 2242 in
443 2179 537 2243 urbe
567 2177 815 2244 custodiuuto
843 2177 972 2262 iguem
998 2177 1078 2243 foci
1103 2199 1165 2264 pu·

160 2265 255 2330 blici
278 2266 562 2351 sempiternum.
619 2303 621 2308 ·

227 2352 384 2439 Quoque
410 2355 504 2420 haec
530 2355 715 2439 privatim
742 2358 780 2419 et
806 2354 961 2439 publice
987 2355 1098 2420 modo
1120 2354 1165 2420 ri·
1237 2341 1238 2433 i

161 2447 278 2526 tuque
301 2442 418 2527 fiant,
440 2443 618 2507 discunto
641 2443 771 2528 ignari
798 2464 818 2507 a
844 2442 1017 2527 publicis
1045 2457 1198 2509 sacer-2⁵

161 2530 327 2596 dotibus.
350 2531 492 2596 Eorum
506 2533 633 2595 autem
648 2551 791 2616 genera
804 2534 916 2596 sunto
931 2531 1023 2615 tria,
1041 2553 1165 2614 unum,

162 2618 260 2702 quod
292 2620 441 2704 praesit
473 2618 720 2684 caerimoniis
753 2622 790 2683 et
819 2618 955 2703 sacris,
987 2620 1164 2704 alterum,
1236 2631 1237 2638 ’

162 2707 260 2790 quod
286 2708 573 2793 interpretetur
598 2705 850 2771 fatidicorum
877 2710 914 2771 et
939 2707 1090 2772 vatium
1113 2730 1166 2773 ec-

159 2795 244 2860 fata
278 2796 495 2884 incognita,
530 2815 690 2879 quorum
727 2799 886 2860 senatus
921 2795 1165 2881 populusque
1235 2837 1236 2870 2

162 2883 385 2968 adsciverit3
429 2885 667 2968 interpretes
710 2887 836 2948 autem
875 2882 980 2948 Iovis
1021 2885 1199 2970 optumis
1235 2875 1236 2921 ἦ

162 2971 342 3055 maxumi,
373 2972 522 3056 publici
552 2992 731 3057 augures,
763 2971 888 3057 signis
915 2975 953 3035 et
980 2973 1164 3058 auspiciis

106 3057 335 3143 21†postea
366 3059 537 3144 vidento,
575 3059 822 3144 disciplinam
853 3061 1011 3125 teuento
1044 3081 1165 3127 sacer·

161 3145 362 3231 dotesque,
384 3147 515 3213 vineta
537 3145 767 3233 virgetaque
790 3151 828 3214 et
849 3148 1015 3213 salutem
1032 3150 1164 3235 populi

160 3238 392 3320 auguranto,
431 3236 572 3319 quique
608 3240 726 3321 agent
761 3258 838 3302 rem
874 3236 994 3300 duelli
1027 3239 1163 3322 quique

158 3322 398 3405 popularem,
440 3323 653 3407 auspicium
689 3327 978 3409 praemonente,
1018 3325 1196 3410 ollique³⁵
1233 3351 1234 3411 g

159 3407 488 3494 obtemperanto,
517 3410 767 3496 divorumque
811 3413 890 3478 iras
934 3413 1160 3498 providente

160 3493 291 3576 sisque
319 3500 532 3580 appareuto
560 3499 734 3583 caelique
761 3500 919 3586 fulgora
940 3500 1161 3586 regionibus
