2478 3936
169 169 213 233 98
477 166 870 222 naussumnsosuu

117 275 170 402 ᾖ,
185 311 301 376 similis
323 310 436 397 procul
459 311 649 377 amandavit
670 333 691 378 a
713 311 871 377 sensibus.
909 309 989 387 Quis
1010 331 1092 376 vero
1115 307 1181 396 opi·
1222 295 1223 300 ι

169 400 225 465 fex
251 403 381 484 praeter
407 403 572 485 naturam,
600 421 665 486 qua
690 400 774 465 nihil
794 403 906 484 potest
929 420 999 464 esse
1023 399 1182 483 callidius,
1223 436 1224 522 ,

171 491 298 553 tantam
317 487 498 553 sollertiam
515 489 666 574 persequi
684 487 868 590 potuisset·
858 509 894 552 m
907 487 1080 552 sensibus?
1099 499 1224 572 quae

170 575 312 662 primum
330 575 441 642 oculos
459 577 657 642 membranis
674 575 874 641 tenuissimis
892 575 1027 642 vestivit
1043 578 1078 640 et
1092 597 1182 660 saep

172 665 229 749 sit3
261 685 341 748 quas
367 663 510 749 primum
536 664 718 751 perlucidas
745 664 837 749 fecit,
868 667 907 728 nt
932 685 991 749 per
1015 684 1071 728 eas
1095 684 1182 729 cerm
1205 685 1217 730 ι

171 754 295 838 p,osset
320 751 433 817 firmas
461 755 585 837 autem,
610 756 649 817 ut
671 753 928 836 continerentur3
959 751 1017 816 sed
1038 740 1225 818 lubricos!

172 840 283 907 oculos
304 839 382 905 fecit
404 843 438 905 et
460 841 606 924 mobiles,
628 843 667 905 nt
689 844 724 906 et
746 840 953 924 declinarent,
977 839 1006 904 si
1029 839 1111 925 quid
1128 861 1183 904 no

72 941 76 950 '
171 932 271 1013 oeret,
301 932 335 993 ιι
360 932 541 1014 aspectum,
571 949 635 1013 quo
657 928 793 1013 vellent,
820 928 917 993 facile
940 931 1183 1011 converterent3

172 1017 320 1101 aciesque
341 1016 423 1103 ipsa,
445 1016 1183 1117 quccemimus,quaepup1davooatur,ita
1225 1048 1226 1110 q

171 1125 274 1191 parva
301 1107 366 1189 ιιι,
395 1107 434 1169 ut
461 1126 512 1190 ea,
541 1126 623 1190 qnae
650 1125 767 1170 nocere
793 1103 935 1190 possint,
965 1102 1063 1168 facile
1090 1104 1226 1188 vitet,1o

171 1191 419 1278 palpebraeque,
442 1214 524 1277 qnae
548 1195 624 1257 sunt
641 1195 810 1277 tegmenta
828 1192 1007 1293 oculorum,
1030 1192 1183 1258 mollissi-

172 1301 244 1344 mae
266 1283 366 1364 tactu,
388 1300 429 1344 ne
451 1280 616 1345 laederent
638 1280 749 1364 aciem,
771 1279 941 1365 aptissime
961 1279 1071 1345 factae
1090 1283 1126 1344 st
1144 1279 1183 1346 ad

173 1367 366 1434 claudendas
386 1369 540 1453 pupulas,
561 1390 603 1433 ne
626 1368 704 1453 quid
725 1368 893 1453 incideret,
916 1370 950 1433 et
973 1367 1014 1433 ad
1038 1368 1183 1453 aperien-
1226 1354 1227 1410 l

173 1456 240 1540 das,
261 1455 358 1540 idque
379 1455 522 1541 providit
544 1459 581 1520 ut
602 1455 778 1520 identidem
799 1456 872 1520 fieri
893 1459 1005 1542 posset
1024 1477 1098 1522 cum
1119 1479 1183 1521 ma-

122 1559 172 1609 143
186 1544 275 1609 xima
292 1542 466 1609 celeritate.
496 1543 705 1629 Munitaeque
723 1547 800 1608 sunt
817 1544 994 1630 palpebrae
1011 1547 1216 1630 tamquamu

172 1634 260 1700 vallo
282 1632 436 1719 pilorum,
464 1632 581 1716 quibus
605 1635 638 1697 et
661 1633 784 1718 apertis
806 1632 924 1717 oculis,
951 1631 980 1696 si
1003 1632 1081 1717 quid
1104 1633 1182 1698 inci·
1227 1699 1228 1704 ,

173 1722 272 1807 deret,
294 1721 513 1807 repelleretur,
535 1724 569 1786 ιι
592 1741 705 1785 somno
728 1719 963 1804 coniventibus,
986 1741 1061 1786 cum
1079 1721 1182 1786 oculis

173 1810 215 1876 sd
241 1808 435 1876 cernendum
461 1829 528 1873 non
555 1829 735 1895 egeremus,
762 1807 836 1891 †ut
863 1808 919 1893 qui
941 1811 1113 1894 tamquam
1138 1811 1182 1873 in-

172 1896 277 1964 voluti
305 1896 514 1981 quiescerent.
563 1896 682 1961 Latent
711 1899 880 1982 praeterea
907 1896 1035 1960 utiliter
1067 1900 1102 1962 ct
1135 1919 1183 1963 ex·
1228 1964 1229 1980 2

174 1985 269 2052 celsis
305 1983 446 2069 undique
480 1984 629 2070 partibus
665 1984 869 2070 saepiuntur:
915 1982 1062 2048 Primum
1095 1987 1216 2050 enims

175 2072 342 2159 superiora
377 2073 557 2158 superciliis
594 2072 734 2139 obducta
770 2070 921 2137 sudorem
956 2091 978 2138 a
1008 2074 1119 2158 capite
1152 2076 1183 2138 ιι

173 2161 282 2226 fronte
305 2159 497 2225 defluentem
514 2161 691 2247 repellunt,
714 2181 815 2247 genae
834 2159 948 2225 deinde
967 2161 1008 2225 ab
1027 2159 1182 2227 inferiore

174 2252 268 2335 parte
290 2251 439 2312 tutantur
461 2248 624 2314 subiectae
646 2249 826 2332 leniterque
850 2249 1042 2331 eminentem
1069 2271 1182 2315 nasus·

176 2360 237 2423 que
259 2337 307 2401 its
328 2337 455 2402 locatus
479 2341 538 2422 est,
559 2340 597 2402 ut
620 2337 714 2422 quasi
735 2357 847 2401 murus
870 2336 973 2402 oculis
991 2336 1182 2404 interiectus

125 2439 176 2488 144
190 2448 259 2492 esse
293 2424 449 2490 rideatur.
498 2423 638 2490 Auditus
671 2428 780 2490 autem
812 2444 939 2509 semper
970 2427 1078 2509 patet3
1116 2425 1215 2491 eiuss

177 2515 261 2579 enim
285 2534 380 2579 sensu
394 2513 502 2579 ,etiam
524 2512 720 2578 dormientes
744 2533 888 2598 egemus3
912 2535 931 2577 ι
954 2526 1018 2597 quo
1040 2535 1117 2579 cum
1137 2535 1182 2578 so

175 2624 236 2667 nus
260 2605 310 2666 est
333 2604 492 2686 acceptus,
516 2601 655 2666 etiams
679 2621 792 2666 somno
816 2601 1002 2666 excitamur.
1046 2599 1182 2667 Flexuo

177 2712 248 2755 sum
270 2690 334 2754 iter
356 2689 465 2774 habet,
489 2709 530 2753 ne
553 2689 632 2773 quid
652 2689 775 2754 intrare
797 2689 911 2774 possit,
935 2689 963 2753 si
987 2688 1129 2774 simplex
1152 2691 1182 2752 et

177 2777 339 2842 derectum
361 2781 502 2862 pateret3
525 2777 691 2862 provisum
714 2776 822 2861 stiam,
843 2780 890 2859 ut,
913 2775 941 2840 si
965 2797 1029 2861 qua
1047 2778 1183 2842 minima

176 2864 316 2929 bestiola
334 2869 505 2930 conaretur
522 2864 715 2950 inrumpere,
732 2864 767 2928 in
786 2864 934 2929 sordibus
954 2865 1084 2930 aurium
1103 2869 1182 2930 tam·
1193 2878 1215 2922 ι

177 2973 275 3036 quam
300 2951 335 3016 in
361 2951 449 3017 risco
476 2952 722 3019 inhaeresceret.
770 2951 875 3018 Extra
902 2955 1011 3018 autem
1039 2953 1183 3018 eminent

178 3060 260 3125 quae
284 3038 491 3123 appellantur
513 3061 607 3106 aures
631 3045 663 3106 ot
686 3039 817 3127 tegendi
835 3061 932 3106 causa
948 3040 1056 3106 factae
1075 3046 1182 3108 tutan·

177 3127 272 3214 dique
300 3147 426 3212 sensur,
454 3130 487 3192 et
512 3147 553 3192 ne
580 3129 724 3194 adiectas
751 3149 846 3194 voces
874 3129 1062 3194 laberentur
1086 3134 1122 3195 at
1147 3149 1182 3194 ue

178 3220 331 3302 emerent,
353 3215 444 3301 prius
469 3237 565 3300 quam
588 3237 700 3283 sensus
724 3216 828 3282 abiis
852 3218 965 3302 pulsus
989 3221 1085 3283 esset.
1164 3216 1182 3281 d

177 3305 273 3370 duros
305 3308 339 3369 et
365 3303 459 3388 quasi
485 3305 652 3370 corneolos
679 3305 802 3370 habent
824 3302 978 3371 introitus
1005 3307 1181 3390 multisque
1194 3315 1216 3360 ιι

176 3413 249 3458 cum
280 3391 430 3476 flexibus,
462 3391 547 3476 quod
579 3392 631 3456 his
662 3392 787 3458 naturis
814 3393 937 3458 relatus
965 3394 1182 3477 amplificatur

175 3498 287 3568 sonus,
320 3477 468 3565 quocirca
495 3482 528 3543 et
554 3478 589 3543 in
610 3480 728 3546 fidibus
750 3481 911 3546 testudine
932 3483 1106 3548 resonatur
1127 3483 1183 3548 aut
