2510 3936
369 177 436 233 ΜΒ.
455 177 502 233 111.
522 179 598 234 unc.
617 185 696 234 4-o.
715 183 731 245 s
751 185 863 234 10-14.
1053 176 1118 242 437

111 319 236 386 ioribus
262 319 399 405 nesus,
425 320 508 386 nihil
531 319 631 387 hebui
655 343 745 406 sane,
771 343 838 388 non
859 321 948 388 niodo
970 321 1119 405 multum,

113 409 199 492 quod
220 412 370 494 putarem
392 408 578 476 novandum
595 409 631 476 in
647 408 785 496 legibus.
820 411 896 478 Arc.
915 408 1044 474 Reddes
1060 409 1119 496 igi·
1139 421 1171 472 13

111 501 167 562 tur
194 497 304 581 nobis,
335 500 373 563 ut
400 497 630 584 irreligionis
658 498 731 584 lege
757 498 865 564 fecisti
892 498 1060 564 admonitu
1081 500 1121 563 et

112 584 231 671 rogatu
254 607 341 669 meo,
363 585 411 651 sic
433 586 472 652 de
494 587 743 672 magistratibus
765 591 803 652 ut
825 586 980 672 disputes,
1002 586 1120 671 quibus

82 674 152 738 ede
176 674 281 738 causis
304 674 444 740 maxime
464 675 595 759 placeat
616 675 683 742 ista
700 675 877 760 discriptio.
913 675 961 742 M.
979 673 1120 757 Faciam,

113 761 236 846 Attice,
264 762 387 847 utris,
411 767 448 827 ct
472 763 579 830 locum
601 763 702 830 istum
720 767 845 848 totum,
871 766 909 828 ut
932 784 952 827 a
975 763 1121 828 doctissi-

113 851 175 916 mis
199 849 353 916 Graeciae
377 851 560 935 quaesitum
583 855 617 918 et
637 851 841 937 disputatum
865 855 928 935 est,
951 851 1120 936 explicabo

114 943 156 1022 et,
169 942 206 1004 ut
219 939 357 1024 institui,
370 943 485 1006 nostra
497 940 569 1006 iura
583 940 753 1028 attingam.
783 941 860 1008 Arc.
874 938 967 1004 Istud
980 939 1120 1005 maxime

113 1029 247 1111 expecto
280 1027 457 1094 disserendi
484 1049 599 1115 genos.
645 1030 695 1094 M.
724 1028 828 1113 Atqui
858 1028 1013 1114 pleraque
1045 1031 1121 1092 sunt

69 1134 99 1176 ιο
114 1115 200 1180 dicta
231 1115 360 1180 inillis
389 1116 497 1201 libris,
529 1116 615 1202 quod
640 1115 823 1183 faciendum
849 1117 927 1201 fuit,
956 1137 1055 1200 quom
1082 1115 1121 1182 do

113 1207 248 1289 optuma
270 1225 306 1270 re
327 1204 459 1290 publica
482 1209 702 1290 quaereretur;
725 1206 782 1272 sed
799 1206 896 1271 huius
914 1205 979 1270 loci
997 1204 1036 1269 de
1055 1226 1121 1270 ma·

114 1292 308 1378 gistratibus
331 1296 407 1358 sunt
428 1294 562 1378 propria
584 1294 742 1378 quaedam
765 1317 785 1360 a
807 1293 1034 1379 Theophrasto
1058 1292 1121 1377 pri·

113 1402 212 1463 mum,
231 1379 348 1446 deinde
371 1403 391 1446 a
412 1380 518 1447 Dione
540 1379 650 1450 Stoico
673 1383 821 1468 quaesita
844 1381 1005 1448 subtilius.

179 1470 256 1536 Arc.
283 1469 348 1536 Ain
378 1469 531 1534 tandem?
556 1471 661 1536 etiam
690 1493 710 1536 a
737 1468 854 1537 Stoicis
883 1471 950 1536 ista
978 1473 1121 1536 tractata
1139 1441 1174 1566 ᾗ

1 1561 2 1598 l
71 1573 100 1615 1⁵
115 1558 213 1622 sunt?
239 1557 288 1624 M
310 1555 386 1623 Non
409 1578 486 1623 sane
503 1557 568 1622 nisi
586 1560 627 1624 ab
647 1580 695 1642 eo,
718 1580 813 1643 quem
829 1558 928 1624 modo
946 1558 1122 1642 nominavi,

114 1649 148 1710 et
170 1649 286 1730 postea
308 1667 329 1713 a
350 1666 471 1731 magno
493 1645 625 1712 homine
643 1649 676 1712 et
693 1646 728 1712 in
745 1647 860 1732 primis
882 1645 1017 1731 erudito,
1039 1645 1122 1712 Pen-

114 1735 210 1800 aetio.
253 1732 341 1799 Nam
372 1738 500 1800 veteres
532 1735 631 1801 verbo
658 1739 753 1800 tenua
781 1738 874 1801 acute
902 1735 953 1799 illi
982 1734 1120 1819 quidem,

1 1855 2 1866 κ
116 1823 172 1888 sed
192 1844 260 1890 non
278 1822 422 1890 adhunc
440 1845 535 1890 usum
553 1823 745 1909 popularem
765 1827 863 1907 atque
882 1823 1010 1888 civilem
1028 1823 1067 1887 de
1085 1843 1121 1888 re

115 1910 247 1996 publica
264 1911 479 1978 disserebant
508 1911 561 1978 Ab
578 1911 641 1978 hac
659 1911 786 1977 familia
804 1911 909 1997 magis
928 1911 994 1976 ista
1013 1932 1121 1976 mene-

72 2019 101 2059 sc
115 2004 191 2065 runt
224 1998 362 2066 Platone
397 2001 555 2086 principe3
590 2004 667 2085 post
698 1999 894 2066 Aristoteles
931 1999 1122 2064 inlustravit

115 2110 244 2154 omnem
265 2088 352 2154 hrmc
374 2089 502 2154 civilem
524 2090 560 2154 in
581 2089 776 2174 disputando
794 2089 902 2155 locum
920 2087 1123 2154 Heraclides-

116 2197 178 2261 que
187 2174 341 2239 Ponticus
354 2176 519 2259 profectus
533 2177 575 2242 ab
590 2178 702 2244 eodem
710 2177 861 2263 Platone3
875 2176 1122 2263 Theophrastus

1 2292 9 2346 ,·
115 2284 193 2328 vero
219 2262 390 2328 institutus
418 2265 459 2328 ab
482 2263 661 2330 Aristotele
686 2265 865 2349 habitavit,
893 2269 932 2331 ut
955 2265 1057 2350 scitis,
1086 2265 1122 2329 in

1 2349 2 2380 ¹
117 2373 155 2417 eo
178 2371 295 2437 genere
317 2372 439 2436 rerum,
464 2352 506 2416 ab
529 2352 704 2436 eodemque
727 2351 906 2418 Aristotele
930 2352 1043 2419 doctus
1066 2352 1123 2418 Di·

75 2458 102 2500 es
117 2439 290 2506 caearchus
317 2439 393 2506 huic
419 2439 540 2505 rationi
567 2439 738 2524 studioque
763 2462 831 2505 non
857 2439 973 2524 defuit3
1004 2445 1080 2524 post
1103 2463 1124 2506 a

117 2527 343 2614 Theophrasto
369 2527 546 2594 Phalereus
578 2527 635 2592 ille
662 2527 862 2612 Demetrius,
894 2528 933 2594 de
965 2550 1028 2613 quo
1060 2528 1124 2594 feci

118 2639 217 2703 supra
239 2617 452 2701 mentionem,
472 2616 667 2682 mirabiliter
691 2615 871 2682 doctrinam
894 2637 932 2680 ex
955 2618 1123 2684 umbracu-

117 2695 159 2770 lis
187 2705 387 2772 eruditorum
415 2706 546 2789 otioque
572 2726 639 2770 non
666 2703 762 2770 modo
784 2704 945 2768 insulem
969 2708 1066 2789 atque
1089 2705 1124 2769 in
1162 2758 1168 2772 .

1 2861 2 2874 ,
117 2794 294 2879 pulverem,
316 2793 373 2858 sed
394 2793 429 2858 in
450 2794 559 2879 ipsum
576 2792 755 2860 discrimen
777 2791 941 2876 aciemque
962 2792 1123 2877 produxit.

1 2927 2 2968 7
77 2901 104 2941 ³⁰
118 2881 205 2949 Nem
232 2887 265 2947 et
288 2880 492 2947 mediocriter
515 2881 628 2947 doctos
651 2901 788 2967 magnos
810 2880 846 2945 in
867 2902 903 2945 re
925 2880 1056 2966 publica
1078 2880 1124 2945 vi-

1 2979 2 3004 *
118 2992 173 3036 ros
201 2975 234 3036 et
261 2970 465 3036 doctissimos
491 2970 639 3036 homines
667 2990 733 3034 non
759 2969 856 3034 nimis
878 2968 913 3034 in
935 2968 1124 3054 republica

1 3113 2 3122 ,
119 3062 266 3126 versatos
299 3058 421 3124 multos
454 3079 705 3125 commemorare
736 3078 923 3142 possumus3
959 3057 1015 3141 qui
1047 3077 1123 3122 vero

117 3152 255 3232 utraque
284 3169 320 3212 re
348 3146 532 3231 excelleret,
561 3150 598 3211 ut
626 3151 659 3211 et
685 3145 850 3212 doctrinae
876 3145 994 3210 studiis
1021 3147 1055 3208 et
1076 3165 1124 3208 re-

119 3236 225 3323 genda
248 3235 379 3300 civitate
401 3235 551 3320 princeps
570 3239 665 3321 esset,
688 3233 760 3319 quis
778 3234 874 3300 facile
892 3237 1021 3320 praeter
1038 3231 1124 3298 hune

77 3341 104 3384 ³⁶
117 3325 255 3391 inveniri
277 3325 409 3408 potest?

1 3419 2 3422 ’
184 3414 261 3480 Aur.
283 3412 368 3479 Puto
391 3433 495 3498 posse,
518 3411 704 3496 etquidem
727 3412 868 3497 aliquem
888 3411 927 3477 de
944 3411 1051 3476 tribus
1068 3429 1124 3475 no·

1 3591 2 3598 ἵ
118 3502 183 3586 bis3
207 3502 263 3569 sed
285 3522 394 3589 perge,
416 3505 454 3567 ut
476 3523 637 3586 coeperas.
