2478 3936
154 111 195 174 72
463 105 513 161 DE
531 105 683 160 NATURA
698 102 852 158 DEORUM

152 252 354 320 castissimus
374 255 471 335 atque
490 247 712 315 sanctissimus
730 247 997 331 plenissimusque
1011 249 1157 333 pietatm,
1221 261 1222 274 ³

151 347 190 408 ut
212 361 267 406 eos
291 361 418 426 semper
439 359 535 424 pura,
561 338 702 422 integra,
727 335 913 419 incorrupta
935 339 967 400 et
989 343 1097 403 mente
1122 343 1157 402 et

152 450 230 495 voce
253 449 450 493 veneremur.
494 423 571 490 Non
593 425 678 489 enim
699 423 885 508 philosophi
906 424 1020 509 solum,
1043 447 1158 491 verum

153 518 253 583 etiam
276 517 414 581 maiores
436 515 542 580 nostri
565 512 827 597 superst'tionem
851 534 870 576 a
890 513 1048 598 religione
1067 536 1159 598 sepa-

99 620 135 669 72
153 608 316 671 raverunt.
360 603 448 669 Nam
471 602 526 687 qui
549 605 637 666 totos
661 601 727 664 dies
750 600 964 684 precabantur
987 604 1020 666 et
1043 602 1158 667 immo-
1189 621 1222 664 ⁵1

153 694 280 776 labant,
312 696 350 757 ut
376 691 440 756 sibi
467 690 517 756 sui
544 689 640 754 liberi
663 688 852 772 superstites
875 692 995 771 essent,
1026 711 1160 774 super·

154 780 306 847 stitiosi
337 784 414 845 sunt
445 778 616 863 appellati,
648 776 733 861 quod
760 797 877 841 nomen
905 778 1012 860 patuit
1040 781 1162 862 postea
1221 779 1222 862 ᾗ

153 870 266 953 latius3
302 869 358 954 qui
390 871 500 933 autem
530 866 652 949 omnia,
684 887 765 948 quae
797 864 838 928 ad
868 865 990 930 cultum
1024 865 1162 931 deorum
1221 873 1222 914 3

153 959 367 1046 pertinerent,
394 956 567 1040 diligenter
593 956 808 1019 retractarent
834 956 867 1018 et
889 957 1055 1036 tamquam
1077 955 1164 1018 rele-
1221 944 1222 1020 l

155 1051 278 1134 gerent,
296 1049 372 1109 sunt
391 1045 468 1109 dicti
486 1042 667 1128 religiosi
685 1063 723 1105 ex
741 1040 921 1126 relegendo,
939 1045 976 1105 ut
990 1042 1160 1128 elegantes
1178 1062 1204 1102 ιο

156 1157 194 1200 ex
222 1133 384 1219 eligenda,
412 1153 451 1195 ex
480 1131 644 1218 diligendo
667 1128 851 1214 diligenter,
879 1150 917 1194 ex
938 1129 1162 1216 intellegendo
1221 1139 1222 1208 ,

154 1222 391 1306 intellegentes.
435 1217 497 1283 His
525 1219 610 1282 enim
636 1219 671 1282 in
697 1216 804 1281 verbis
829 1217 976 1282 omnibus
999 1218 1086 1283 inest
1108 1219 1162 1283 vis
1221 1215 1222 1288 Ϊ

155 1307 285 1395 legendi
311 1306 435 1388 eadem,
464 1327 546 1390 quae
568 1307 604 1371 in
625 1305 786 1391 religioso.
832 1304 884 1370 Ita
906 1305 1028 1370 factum
1052 1307 1164 1372 estin
1221 1331 1222 1376 ᾗ

156 1394 383 1480 superstitioso
403 1397 436 1458 et
454 1393 610 1479 religioso
630 1395 768 1458 alterum
786 1393 859 1458 vitii
876 1416 1001 1478 nomen,
1020 1395 1164 1459 alterum
1221 1464 1222 1482 ,

156 1483 270 1550 laudis.
315 1481 364 1547 Ae
391 1481 472 1547 mihi
493 1482 605 1547 videor
628 1481 708 1546 satis
731 1485 764 1546 et
786 1503 856 1546 esse
879 1482 968 1567 deos,
991 1486 1024 1547 et
1047 1483 1163 1566 quales
1180 1483 1222 1542 1⁵?

157 1575 273 1654 essent,
297 1571 485 1636 ostendisse.
1221 1631 1222 1640 ,

243 1659 432 1724 Proximum
463 1662 527 1742 est,
562 1662 600 1723 ut
632 1658 763 1724 doceam
795 1658 926 1724 deorum
957 1658 1165 1743 providentia

156 1748 311 1814 mundum
342 1747 571 1812 administrari.
615 1745 753 1832 Magnus
784 1767 862 1812 sane
891 1747 980 1812 loeus
1009 1751 1058 1812 est
1085 1752 1119 1811 et
1144 1769 1166 1811 a
1221 1773 1222 1821 ;

155 1835 287 1918 vestris,
315 1833 426 1918 Cotta,
454 1838 602 1917 vexatus,
629 1856 666 1898 ae
692 1834 846 1899 nimirum
872 1835 1039 1900 vobiscum
1067 1857 1165 1900 omne
1221 1887 1222 1920 ,

156 1927 320 1988 certamen
342 1926 401 1987 est.
446 1921 532 1987 Nam
555 1921 662 2006 vobis,
688 1921 808 2006 Vellei,
835 1922 941 1987 minus
963 1927 1078 1988 notum
1102 1927 1164 2007 est,
1179 1942 1222 1992 ro¹

157 2031 253 2093 quem
276 2009 470 2075 admodum
495 2010 633 2095 quidque
657 2010 795 2093 dicatum
818 2015 928 2076 vestra
950 2011 1036 2075 enim
1056 2011 1165 2075 solum
1221 2009 1222 2054 ἶ

157 2096 282 2184 legitis,
314 2100 423 2161 vestra
455 2099 586 2181 amatis,
617 2102 742 2164 ceteros
772 2121 869 2164 eausa
895 2099 1062 2184 incognita
1089 2120 1165 2165 con-

158 2183 326 2249 demnatis.
371 2183 471 2250 Velut
501 2208 521 2250 a
548 2189 582 2250 te
611 2186 682 2270 ipso
711 2186 864 2251 hesterno
894 2186 944 2251 die
967 2187 1089 2252 dictum
1113 2191 1166 2250 est
1221 2191 1222 2198 ’

158 2293 256 2337 anum
278 2271 444 2337 fatidicam
467 2269 631 2358 πρόνοιαν
654 2295 674 2338 a
692 2271 808 2338 Stoicis
832 2274 948 2358 induci,
970 2274 1004 2338 id
1022 2278 1073 2339 est
1090 2296 1165 2359 pro·

157 2359 343 2425 videntiam.
389 2358 481 2436 Quod
513 2383 550 2426 eo
583 2383 690 2426 errore
722 2362 846 2446 dixisti,
878 2363 954 2446 quia
986 2362 1165 2430 existumas
1180 2367 1222 2419 2⁵*

159 2447 200 2512 ab
222 2446 263 2510 iis
286 2448 524 2532 providentiam
546 2449 627 2533 fingi
651 2449 743 2532 quasi
763 2450 925 2533 quandam
945 2450 1037 2515 deam
1056 2450 1166 2536 singu·

158 2535 275 2618 larem,
303 2557 384 2620 quae
407 2537 561 2601 mundum
585 2558 712 2601 omnem
736 2538 894 2622 gubernet
918 2543 951 2603 et
972 2542 1080 2624 regat3
1109 2538 1167 2603 sed

107 2633 142 2682 74
160 2622 193 2688 id
221 2624 364 2707 praecise
393 2624 517 2690 dicitur.
562 2623 622 2708 Ut,
650 2625 678 2688 si
707 2626 778 2708 quis
807 2626 894 2691 dieat
916 2625 1167 2692 Atheniensium

159 2731 228 2774 rem
251 2710 415 2794 publicam
433 2711 568 2777 consilio
586 2713 666 2797 regi,
689 2712 772 2777 desit
791 2714 874 2779 illud
888 2714 1087 2800 ‘Areopagi’‚
1111 2715 1166 2799 sie,

159 2817 232 2860 cum
253 2797 387 2862 dicimus
405 2799 610 2883 providentia
628 2801 783 2866 mundum
802 2802 1032 2886 administrari,
1055 2803 1166 2868 deesse
1181 2819 1208 2859 ³0

159 2882 318 2948 arbitrato
348 2885 523 2970 ‘deorum'3
550 2889 643 2971 plene
671 2893 780 2953 autem
809 2895 842 2954 et
869 2891 1010 2975 perfecte
1034 2891 1081 2956 sic
1105 2891 1169 2956 dici

160 2969 359 3034 existimato:
382 2973 585 3054 providentia
608 2975 740 3040 deorum
763 2979 915 3043 mundum
938 2979 1168 3044 administrari.

103 1622 145 1749 tl

159 3056 213 3121 Ita
236 3058 337 3120 salem
359 3057 468 3142 istum,
492 3082 555 3142 quo
578 3067 666 3128 caret
686 3068 796 3129 vestra
814 3067 915 3150 natio,
939 3065 973 3129 in
990 3066 1168 3131 inridendis

158 3144 253 3208 nobis
276 3144 414 3209 nolitote
438 3168 633 3233 consumere,
656 3155 688 3214 et
707 3153 877 3238 mehercle,
901 3155 929 3218 si
947 3177 998 3218 me
1018 3155 1168 3236 audiatis,

159 3253 199 3296 ne
230 3232 441 3316 experiamini
472 3235 613 3319 quidem3
644 3260 711 3302 non
740 3240 843 3324 decet,
874 3264 941 3308 non
968 3243 1082 3306 datum
1111 3247 1168 3324 est,
1182 3255 1222 3300 ³⁵

281 3321 400 3384 “testis
450 3319 518 3385 Nec
550 3345 625 3388 vero
655 3325 717 3389 hoc
749 3327 784 3390 in
814 3332 848 3392 te
876 3330 1040 3406 convenit,
1068 3353 1168 3395 unum

328 3408 513 3472 domesticis
533 3431 570 3473 ae
588 3416 774 3476 nostrorum
793 3416 961 3481 hominum
982 3419 1168 3483 urbanitate
