2490 3950
115 165 154 226 ll
420 159 469 216 Da
487 157 637 214 NATURA
655 155 809 212 DEORUM

1218 198 1221 308 l

113 311 198 370 esset
221 305 390 390 nlilitum,
414 303 507 368 deum
529 301 634 368 voluit
657 322 737 383 esse,
760 300 799 365 de
821 300 893 384 ipsa
911 302 1019 364 mente
1036 299 1127 364 item
1219 308 1222 396 l

114 393 366 478 reprehenditur,
388 396 425 458 ut
447 391 554 474 ceteri,
577 390 615 454 de
638 389 799 454 infinitate
823 391 931 454 autem
948 386 1126 452 vehemen-
1222 416 1223 500 q

114 483 191 564 tua,
223 481 256 551 iu
285 502 348 568 quo
375 479 457 544 nihil
483 500 586 562 nequa
614 477 755 542 sentiens
784 498 888 560 neque
910 475 1125 542 coniunctum

114 573 323 656 potestesse.
368 566 454 632 Nam
472 565 680 631 Parmenides
704 564 833 649 quidem
856 564 1123 630 commenticium
1223 526 1224 598 l

115 657 266 743 quirillum
303 676 441 722 coronae
475 655 581 719 simile
613 653 714 718 efficit
745 647 929 737 (στεφάνην
960 652 1122 736 appellat)
1153 670 1170 710 s
1224 636 1225 700 l

115 745 299 817 sustinente
336 743 449 808 ardore
479 743 561 808 luois
591 743 715 825 orbem,
753 741 809 824 qui
841 741 951 825 oingat
983 740 1124 824 eaelum,
1225 746 1226 800 l

116 854 210 923 quoru
239 831 383 916 appellat
404 830 514 913 deum3
540 831 661 914 inquo
684 850 789 912 neque
811 829 950 912 figuram
973 826 1124 892 divinam
1226 854 1227 908 q

115 942 219 1006 noque
251 941 380 986 sensum
412 919 583 1003 quisquam
613 917 771 1001 suspicari
797 920 920 1001 potest3
951 915 1123 1000 multaque
1226 920 1227 928 ’

116 1008 259 1076 eiusdem
276 1009 360 1073 modi
376 1010 532 1089 monstra,
555 1007 674 1090 quippe
697 1004 753 1089 qui
770 1005 901 1087 bellum,
923 1004 980 1087 qui
998 1003 1123 1070 discor·
1227 962 1228 1046 l

116 1098 216 1180 diam,
243 1096 298 1179 qui
325 1095 536 1180 cupiditatem
563 1098 732 1177 oeteraque
760 1093 888 1178 generis
911 1091 1055 1156 eiusdem
1080 1093 1123 1158 ad
1138 1113 1169 1154 ro
1228 1074 1229 1146 l

116 1185 211 1251 deum
228 1187 366 1265 revocet,
383 1204 465 1265 quae
484 1183 535 1246 vel
553 1182 668 1246 morbo
686 1181 737 1246 vel
755 1202 870 1246 somno
888 1180 940 1245 vel
954 1180 1124 1247 oblivione
1229 1184 1230 1244 l

116 1273 166 1338 vel
194 1273 356 1336 vetustate
382 1269 542 1351 delentur3
573 1269 747 1353 eademque
775 1269 813 1332 de
837 1267 1010 1349 sideribus,
1037 1291 1123 1352 quae
1230 1292 1231 1334 l

116 1357 312 1444 reprehensa
342 1359 377 1424 in
408 1357 474 1422 alio
505 1358 571 1422 ium
600 1358 635 1422 in
660 1357 722 1422 hoo
749 1357 950 1422 omittantur.
999 1355 1121 1440 Empe·
1231 1403 1232 1450 q

117 1446 224 1514 doeles
248 1449 356 1510 autem
378 1445 482 1510 multa
504 1445 571 1510 alia
593 1466 731 1529 peooans
752 1445 789 1508 in
810 1445 944 1510 deorum
967 1444 1121 1528 opinione
1232 1512 1233 1531 q

116 1534 312 1618 turpissume
330 1534 461 1598 labitur.
496 1531 656 1609 Quattuor
674 1533 761 1598 enim
778 1535 922 1615 naturas,
944 1533 1121 1615 exquibus
1137 1553 1169 1592 rs
1232 1541 1233 1548 ’

117 1622 227 1688 omnia
258 1625 406 1688 constare
437 1626 560 1708 censet,
591 1621 718 1686 divinas
750 1641 820 1685 esse
853 1621 937 1703 vult3
973 1641 1054 1703 quas
1087 1625 1125 1686 et
1233 1620 1234 1646 ¹

117 1710 208 1776 nasci
235 1713 268 1776 et
295 1710 441 1795 extingui
468 1710 673 1796 perspicuum
701 1712 752 1773 est
778 1712 812 1774 et
834 1729 932 1772 sensu
954 1709 1044 1774 omni
1067 1731 1121 1774 ca·

118 1819 197 1864 rere.
241 1795 311 1864 Neo
339 1819 415 1864 vero
437 1797 649 1882 Protagoras,
679 1796 735 1881 qui
764 1817 834 1862 sesa
860 1799 961 1880 negat
987 1796 1120 1862 omnino
1235 1843 1236 1856 ἢ

117 1886 156 1950 de
180 1885 246 1950 deis
268 1884 389 1949 habere
413 1885 498 1969 quod
520 1885 656 1968 liqueat,
684 1885 763 1968 sint,
789 1906 857 1950 non
879 1884 945 1948 sint
967 1884 1121 1968 qualesve

119 1973 197 2054 sint,
229 1972 402 2055 quicquam
428 1972 555 2036 videtur
581 1972 620 2036 de
646 1976 764 2037 natura
791 1971 924 2036 deorum
952 1972 1120 2056 suspicari.
1135 1992 1167 2034 ao

118 2059 222 2136 Quid?
254 2057 474 2144 Democritus,
501 2061 557 2144 qui
584 2063 654 2126 tum
680 2061 840 2145 imagines
863 2080 1037 2144 earumque
1061 2060 1122 2126 eir·

118 2147 257 2214 eumitus
283 2148 318 2212 in
347 2146 479 2213 deorum
507 2169 642 2214 numero
673 2147 785 2231 refert,
812 2151 882 2212 tum
908 2149 1000 2212 illam
1026 2151 1122 2214 natu·

118 2256 201 2318 rum,
228 2256 310 2318 quae
333 2234 491 2320 imagines
513 2235 628 2300 fundat
651 2257 689 2304 ao
711 2235 834 2320 mittat,
857 2240 927 2300 tum
950 2236 1121 2302 seientiam

117 2322 436 2408 intellegentiamque
463 2326 624 2408 nostram,
652 2344 758 2390 nonne
784 2324 820 2388 in
843 2324 984 2390 maximo
1011 2346 1120 2390 errore

118 2410 285 2476 versatur?
317 2431 390 2476 oum
416 2410 502 2476 idem
529 2412 675 2496 omnino,
702 2412 779 2496 quia
804 2411 888 2476 nihil
911 2434 1038 2497 semper
1060 2434 1119 2478 suo
1133 2431 1164 2474 aa

119 2501 207 2564 statu
243 2501 387 2581 maneat,
427 2501 525 2584 neget
561 2521 631 2564 esse
666 2500 840 2584 quiequam
875 2501 1119 2585 sempiternum,

118 2607 226 2652 nonna
253 2585 348 2652 deum
371 2587 503 2652 omnino
525 2587 573 2652 ita
595 2588 697 2671 tollit,
724 2592 761 2652 ut
783 2589 909 2654 nullam
932 2588 1120 2674 opinionem

120 2674 188 2740 aius
211 2674 370 2758 reliquam
391 2674 513 2740 faciat?
535 2673 640 2750 Quid?
664 2681 728 2759 alr,
751 2697 815 2760 quo
837 2676 1001 2761 Diogenes
1019 2677 1120 2762 Apol·

118 2761 256 2827 louiates
282 2763 386 2828 utitur
413 2762 485 2845 deo,
512 2783 608 2846 quem
635 2764 908 2830 sonsumhabere
931 2768 1121 2850 potestant

66 2859 101 2909 ³0
120 2870 217 2934 quam
249 2848 388 2915 formam
420 2849 493 2915 dei?
546 2849 617 2916 Iam
648 2851 687 2915 de
717 2850 865 2918 Platonis
896 2853 1120 2920 inconstantia
1133 2870 1163 2912 ω

119 2938 253 3022 longum
272 2940 322 3002 ast
339 2937 455 3022 diaere,
473 2937 528 3023 qui
545 2939 581 3004 in
593 2939 727 3006 Timaeo
744 2943 873 3023 patrem
892 2940 989 3006 huius
1008 2942 1121 3008 mundi

119 3024 282 3092 nominari
306 3028 405 3110 neget
429 3025 538 3110 posso',
563 3027 599 3094 iu
623 3025 747 3112 Legum
774 3032 883 3094 autem
910 3029 1016 3114 libris,
1043 3031 1122 3114 quid

120 3114 164 3180 sit
186 3113 318 3179 omnino
342 3112 429 3198 dous,
452 3114 580 3199 anquiri
598 3119 748 3200 oportere
765 3137 832 3182 non
850 3121 989 3184 censeat.
1027 3117 1121 3194 Quod

120 3223 196 3268 vero
220 3202 289 3267 sine
311 3222 445 3287 corpora
467 3203 535 3269 ullo
558 3202 654 3268 deum
675 3203 747 3268 vult
769 3225 855 3289 esso,
876 3209 914 3270 ut
938 3204 1053 3272 Graeci
1075 3206 1121 3270 di-

121 3293 211 3374 eunt,
242 3284 431 3375 ἀσώματον,
457 3290 491 3355 id
518 3291 612 3375 quale
639 3312 709 3356 esse
735 3293 853 3376 possit,
879 3293 1027 3379 intellegi
1054 3316 1121 3360 non
1134 3310 1162 3353 aa

120 3380 242 3462 potest3
269 3382 379 3443 eareat
405 3379 490 3444 enim
518 3399 614 3442 sensu
640 3399 771 3443 neeesse
799 3384 863 3463 est,
886 3385 995 3446 eareat
1021 3383 1121 3448 etiam

121 3465 285 3546 pn'³‘“²·
339 3469 448 3530 eareat
478 3465 660 3548 voluptate3
697 3487 778 3549 quae
810 3467 921 3532 omnia
952 3491 1017 3533 una
1048 3491 1121 3534 cum

64 1321 106 1450 ll
