2458 3934
307 163 374 220 ΜΒ.
393 164 428 218 11.
453 163 529 220 cnP.
547 172 624 221 4-e.
644 170 659 231 s
680 171 791 220 11-1e.
978 162 1042 228 201

56 307 199 372 abducere
222 307 452 373 divinationem
475 329 610 394 eamque
632 307 680 372 ita
703 306 847 372 definire:
875 304 1044 372 divinatio-

54 416 117 458 nem
144 416 214 460 esse
242 417 351 460 earum
378 417 486 460 rerum
512 395 764 480 praedictionem
792 398 825 459 et
847 394 1045 480 praesensio·

55 504 125 566 nem,
148 505 228 567 quae
248 487 355 548 essent
373 482 536 549 fortuitae.
566 481 712 548 Primum
731 483 843 548 eodem
859 482 1045 548 revolveris.

55 568 127 634 Nam
155 574 189 636 et
214 571 330 636 medici
356 575 390 635 et
417 571 643 658 gubernatoris
672 575 705 635 et
726 569 933 656 imperatoris
955 591 1045 654 prae

36 658 147 724 rsensio
171 662 223 724 est
245 680 353 724 rerum
375 657 593 724 fortuitarum.
638 655 727 724 Num
749 658 850 744 igitur
873 661 930 723 aut
951 658 1046 724 haru-

54 767 120 830 spex
146 751 203 812 aut
231 768 335 833 augur
363 750 420 812 aut
446 751 537 812 vates
566 745 637 831 quis
662 750 718 812 aut
742 745 906 812 somnians
929 746 1045 810 melius

55 834 213 900 coniecerit
237 838 294 899 aut
316 856 334 899 e
356 835 470 900 morbo
494 856 665 900 evasurum
688 838 858 920 aegrotum
881 837 938 898 aut
958 856 975 898 e
993 855 1046 919 pe·

54 921 143 988 riculo
165 944 284 988 navem
307 926 363 988 aut
385 944 424 987 ex
441 922 567 987 insidiis
586 921 761 987 exereitum
780 944 877 1006 quam
896 921 1046 1004 medicus,

55 1030 138 1092 quam
157 1012 365 1098 gubernator,
384 1033 481 1094 quarn
499 1009 697 1095 imperator?
725 1009 828 1094 Atqui
844 1031 885 1073 ne
901 1009 961 1073 illa
978 1009 1045 1092 qui·
1065 1024 1098 1073 14

28 1097 114 1162 udem
139 1097 317 1163 divinantis
340 1119 410 1165 esse
428 1098 567 1181 dicebas,
589 1102 704 1163 ventos
723 1101 781 1163 aut
798 1095 919 1162 imbres
937 1097 1046 1181 inpen-

54 1183 152 1252 dentes
179 1185 373 1272 quibusdam
403 1186 603 1272 praesentire
635 1185 737 1272 signis
768 1183 817 1270 (in
844 1206 907 1270 quo
933 1188 1047 1250 nostra

55 1274 198 1356 quaedam
213 1273 337 1340 Aratea
350 1274 536 1340 memoriter
554 1297 574 1339 a
591 1277 624 1339 te
641 1274 854 1360 pronuntiata
867 1271 966 1360 sunt),
984 1272 1047 1337 etsi

53 1359 121 1427 haee
140 1363 215 1448 ipsa
237 1362 374 1428 fortuita
396 1366 481 1448 sunt,
501 1363 692 1449 plerumque
715 1363 809 1446 enim,
831 1383 897 1427 non
919 1382 1046 1446 semper

55 1450 200 1516 eveniunt.
235 1448 324 1525 Quae
338 1455 389 1516 est
406 1450 508 1536 igitur
527 1454 583 1516 aut
600 1450 658 1514 ubi
676 1454 824 1516 versatur
836 1449 1047 1515 fortuitarum

29 1553 148 1604 ararum
176 1539 378 1626 praesensio,
410 1561 507 1624 quam
536 1538 767 1604 divinationem
793 1539 913 1603 voees?
958 1533 1047 1612 Quae

55 1626 126 1692 enim
155 1627 352 1712 praesentiri
384 1631 440 1692 aut
472 1630 542 1694 arte
575 1630 631 1692 aut
662 1625 789 1690 ratione
816 1629 873 1690 aut
899 1645 961 1688 usu
990 1627 1049 1688 aut

55 1715 225 1780 coniectura
254 1718 404 1800 possunt,
434 1737 472 1782 ea
500 1737 566 1780 non
596 1713 713 1778 divinis
742 1711 914 1777 tribuenda
940 1716 1048 1796 putas,

56 1800 100 1864 sed
127 1803 253 1888 peritis.
298 1802 351 1867 Ita
377 1803 585 1888 relinquitur,
616 1805 653 1866 ut
681 1823 719 1866 ea
745 1799 883 1866 fortuita
909 1798 1048 1864 divinari

55 1890 180 1974 possint,
210 1913 293 1975 quae
319 1891 411 1956 nulla
436 1912 497 1957 nee
524 1896 593 1956 arte
620 1911 679 1956 neo
702 1887 862 1974 sapientia
884 1887 1048 1972 provideri

29 1983 192 2131 ”inin
215 1977 470 2132 uiuitiuiiii'
487 1975 954 2151 ttdttttnttit
976 1997 1048 2129 tt?

55 2117 237 2239 perituruin,
264 2154 441 2220 divinasset
467 2154 627 2240 proiecto,
653 2154 745 2220 nulla
772 2153 858 2220 enim
885 2157 955 2218 arte
982 2152 1048 2218 alia

56 2239 80 2302 id
104 2262 160 2308 neo
184 2242 346 2328 sapientia
369 2243 450 2308 seire
471 2242 640 2328 potuisset.
677 2241 805 2328 Talium
829 2263 907 2328 ergo
930 2263 1048 2324 rerum,

57 2347 124 2409 quae
145 2331 181 2396 in
203 2329 336 2396 fortuna
356 2331 482 2416 positae
502 2334 587 2415 su'nt,
607 2329 793 2416 praesensio
813 2329 969 2395 divinatio
989 2331 1047 2392 est.
1066 2378 1087 2442 6

31 2427 47 2468 ²⁵
110 2417 265 2484 Potestne
291 2417 394 2504 igitur
421 2440 531 2486 earum
560 2440 680 2502 rerum,
711 2439 792 2503 quae
819 2416 903 2482 nihil
925 2417 1102 2504 habent15

57 2505 189 2589 rationiS,
209 2528 308 2591 quare
325 2505 454 2571 futurae
474 2506 549 2590 sint,
568 2527 637 2571 esse
651 2505 721 2570 ulla
733 2504 942 2590 praesensio?
965 2501 1048 2580 Quid

57 2595 97 2655 est
121 2595 207 2660 enim
235 2594 323 2659 aliud
349 2594 432 2679 fors,
462 2594 539 2679 quid
566 2594 711 2677 fortuna,
741 2591 818 2677 quid
840 2612 949 2675 casus,
972 2589 1048 2675 quid

58 2685 186 2767 eventus,
209 2681 274 2748 nisi
297 2704 370 2747 curn
389 2682 435 2748 sio
453 2681 574 2767 aliquid
592 2680 714 2764 oeoidit,
738 2681 783 2745 sie
802 2679 918 2763 evenit,
941 2682 978 2743 ut
995 2679 1048 2743 vel

58 2765 139 2833 aliter
160 2769 274 2836 eadere
298 2773 396 2855 atque
419 2770 547 2836 evenire
568 2769 734 2855 potuerit?
766 2765 836 2842 Quo
854 2766 950 2833 modo
969 2787 1047 2852 ergo

32 2852 94 2938 ³⁰id,
118 2857 203 2942 quod
230 2862 351 2923 temere
378 2858 416 2924 fit
443 2880 537 2924 eaeoo
560 2879 637 2923 oasu
660 2861 693 2922 et
715 2855 1048 2921 volubilitatefortu·

58 2961 115 3026 nae,
135 2945 329 3029 praesentiri
352 2950 385 3012 et
407 2945 550 3032 praedici
570 2945 702 3032 potest?
733 2941 876 3010 Medicus
899 2945 1048 3009 morbum
1068 2955 1102 3004 ro

59 3027 323 3115 ingravescentem
355 3035 481 3100 ratione
510 3033 672 3120 providet,
703 3031 836 3097 insidias
863 3032 1049 3117 imperator,

59 3117 257 3205 tempestates
280 3122 493 3208 gubernator,
516 3126 549 3188 et
569 3125 681 3186 tamen
697 3120 722 3185 ii
739 3119 802 3205 ipsi
820 3141 916 3205 saepe
933 3119 1050 3184 fallun-

60 3205 115 3290 tur,
143 3210 199 3293 qui
224 3210 307 3275 nihil
337 3211 405 3276 sine
432 3213 521 3276 certa
543 3209 669 3275 ratione
693 3208 880 3293 opinantur3
907 3210 945 3271 ut
966 3205 1050 3290 agri·

33 3293 132 3379 ³⁵oola,
154 3319 228 3362 eum
249 3297 362 3364 florem
386 3298 475 3364 oleae
498 3297 599 3381 ridet,
621 3298 736 3362 baoam
759 3315 885 3379 quoqne
909 3313 943 3357 se
966 3293 1051 3357 visu·

61 3397 120 3446 nun
148 3389 260 3470 putat,
290 3407 355 3450 non
387 3385 456 3450 sine
487 3385 614 3451 ratione
644 3384 701 3450 ille
729 3382 870 3467 quidem,
903 3379 1051 3444 sednon

60 3484 223 3556 numquam
255 3477 365 3540 tamen
395 3473 531 3538 fallitur.
582 3470 705 3547 Quodsi
735 3470 895 3535 falluntur
925 3468 962 3551 ii,
995 3467 1051 3552 qui
