2452 3938
307 181 375 237 LIB.
394 183 428 238 II.
453 181 528 236 OAP.
547 189 661 239 63-55.
684 189 699 251 ἓ
720 191 866 242 toa-114.
1018 189 1083 254 237

81 339 194 390 sacri.
226 323 266 389 Id
283 327 369 390 certe
387 326 494 412 magis
513 330 563 392 est
582 327 700 393 attenti
714 329 814 394 animi
828 351 925 414 quam
936 331 1085 398 furentis.

80 413 189 498 Atque
218 411 252 478 in
275 411 442 496 Sibyllinis
465 436 505 478 ex
526 414 633 499 primo
655 438 752 481 versu
774 417 928 504 cuiusque
950 424 1136 486 senten-112

80 502 144 566 tiae
162 500 279 586 primis
297 500 416 565 litteris
434 502 523 566 illius
543 504 721 569 sententiae
740 527 871 570 carmen
887 527 981 572 omne
995 529 1085 592 prae·

79 589 210 653 texitur.
254 587 327 654 Hoc
353 587 522 673 scriptoris
544 594 608 674 est,
635 613 702 656 non
722 591 873 677 sinentis,
901 595 1084 661 adhibentis

57 676 295 762 adiligentiam,
317 696 384 741 non
405 677 519 742 insani.
556 676 660 753 Quam
682 681 725 744 ob
747 702 817 746 rem
835 679 995 766 Sibyllam
1017 685 1085 768 qui·

79 765 152 828 dem
181 764 360 848 sepositam
388 768 421 829 et
448 765 611 831 conditam
637 766 828 852 habeamus,
858 774 909 854 ut,
939 770 973 836 id
1000 771 1085 856 quod

78 851 246 936 proditum
265 855 316 917 est
334 874 354 917 a
371 852 559 938 maioribus,
581 854 706 920 iniussu
725 860 856 920 senatus
874 879 915 922 ne
933 858 1085 943 legantur

79 939 211 1023 quidem
240 937 318 1004 libri
344 941 538 1026 valeantque
566 943 607 1006 ad
629 943 832 1027 deponendas
855 945 964 1029 potius
987 967 1084 1029 quam

78 1027 119 1091 ad
137 1025 359 1112 suscipiendas
377 1028 564 1114 religionem
583 1051 655 1096 cum
669 1029 871 1096 antistitibus
886 1053 1029 1118 agamus,
1047 1038 1085 1099 ut

46 1114 209 1198 aquidvis
235 1115 345 1199 potius
373 1138 412 1180 ex
437 1117 505 1181 illis
533 1118 627 1182 libris
655 1139 752 1202 quam
774 1139 885 1204 regem
908 1119 1084 1206 proferant,

78 1225 175 1355 quepu
204 1201 328 1268 Romae
356 1204 495 1288 posthac
523 1227 583 1270 nec
612 1204 645 1270 di
672 1227 732 1272 nec
760 1205 907 1272 homines
936 1229 1005 1273 esse
1029 1231 1085 1294 pa-

77 1291 145 1356 tien
162 1313 210 1356 ur.

142 1378 192 1444 At
214 1378 311 1444 multi
326 1401 429 1464 saepe
450 1401 529 1444 vera
551 1381 728 1468 vaticinati,
750 1386 789 1448 ut
811 1381 1006 1450 Cassandrus
1094 1386 1137 1452 55

202 1465 358 1551 Iamque
381 1467 477 1532 mari
499 1489 697 1554 magno...

46 1573 67 1613 u
80 1555 257 1639 eademque
280 1554 379 1639 paulo
401 1559 490 1640 post:

203 1641 312 1706 Eheu
333 1641 522 1709 videte...
917 1682 920 1688 ,

77 1729 166 1794 Num
188 1729 292 1815 igitur
314 1751 365 1794 me
386 1731 475 1816 cogis
487 1732 594 1796 'etiam
610 1730 730 1797 fabulis
750 1731 899 1798 credere?
923 1732 1134 1816 quaeda-113

77 1816 261 1883 lactationis
284 1815 440 1902 habeant,
468 1822 624 1903 quantum
646 1820 751 1902 voles,
774 1820 881 1885 verbis
905 1821 1083 1905 sententiis,

77 1904 222 1970 numeris
241 1905 390 1970 cantibus
407 1907 612 1990 adiuventur3
630 1907 858 1972 auctoritatem
873 1908 1001 1992 quidem
1014 1910 1084 1973 nul·

44 2012 66 2051 a
78 1993 145 2058 lam
168 1993 322 2060 debemus
344 2014 403 2059 nec
420 1993 517 2060 fidem
534 1995 766 2061 commenticiis
785 1996 881 2062 rebus
901 1996 1082 2082 adiungere.

77 2080 265 2164 Eodemque
288 2082 383 2146 modo
406 2103 465 2146 nec
487 2103 548 2168 ego
566 2081 713 2149 Publicio
731 2083 839 2149 nescio
859 2084 910 2149 oui
927 2105 985 2149 nec
999 2083 1082 2148 Mar-

78 2169 135 2234 ciis
158 2169 289 2234 vatibus
306 2191 366 2236 nec
384 2169 550 2254 Apollinis
568 2171 689 2255 opertis
708 2171 899 2237 credendum
918 2170 1082 2254 existim03

78 2277 217 2340 quorum
247 2257 369 2340 partim
400 2258 478 2322 ficta
504 2262 628 2342 aperte,
658 2259 780 2343 partim
807 2259 935 2324 effutita
961 2264 1082 2324 temere

77 2366 256 2428 numquam
286 2366 327 2408 ne
359 2345 513 2410 mediocri
544 2346 673 2428 quidem
700 2347 862 2431 cuiquam,
892 2367 959 2410 non
986 2347 1081 2411 modo

44 2431 1133 2590 ²⁵ldlssnlldttllttdlssla?ubldllfiffitiilildsssidi¹4

78 2605 137 2672 Ille
164 2542 274 2689 vesco,p
284 2610 317 2671 et
345 2628 383 2673 ea
405 2607 547 2691 quidem,
566 2543 656 2691 lduae
678 2541 789 2671 ombeq
812 2628 850 2671 eo
873 2609 1018 2691 tempore
1040 2629 1081 2672 ne

78 2695 258 2760 acciderent
286 2694 489 2760 timebamus.
530 2692 647 2760 Castra
674 2693 815 2760 enimin
838 2692 1008 2760 Thessalia
1030 2717 1080 2760 ca-

79 2783 155 2848 stris
174 2783 306 2848 conlata
325 2782 542 2866 audiebamus,
559 2782 790 2866 videbaturque
808 2781 903 2847 nobis
922 2782 1080 2848 exercitus

44 2869 226 2936 ³⁰Caesaris
255 2873 288 2934 et
311 2870 461 2935 audaciae
483 2870 558 2955 plus
580 2871 712 2953 habere,
736 2870 854 2954 quippe
877 2869 933 2954 qui
954 2871 1080 2954 patriae

78 2958 201 3023 bellum
227 2957 416 3042 intulissets
434 2961 467 3022 et
489 2957 615 3023 roboris
638 2961 772 3042 propter
793 2960 1004 3042 vetustatem3
1031 2981 1080 3024 ca·

78 3068 149 3111 sum
177 3049 287 3112 autem
312 3045 428 3130 proelii
453 3067 549 3110 nemo
576 3049 725 3110 nostrum
748 3049 819 3110 erat
841 3046 919 3129 quin
941 3047 1080 3130 timeret,

62 3135 141 3219 -sed,
158 3133 209 3198 ita
221 3137 259 3198 ut
272 3133 495 3200 constantibus
508 3133 694 3198 hominibus
706 3155 767 3218 par
781 3136 861 3217 erat,
880 3155 947 3198 non
961 3137 1079 3217 aperte.

77 3219 137 3286 Ille
165 3225 275 3288 autem
298 3221 452 3304 Graecus,
479 3220 556 3305 quid
583 3221 714 3305 mirum,
742 3221 770 3286 si
796 3220 1018 3306 magnitudine
1041 3220 1080 3284 ti·

44 3309 191 3394 3ῦιιιοιίε,
218 3313 256 3374 ut
276 3310 466 3394 plerumque
487 3309 539 3390 fit,
562 3330 582 3373 a
604 3309 788 3374 constantia
810 3311 907 3392 atque
930 3311 1080 3372 amente

79 3401 174 3481 atque
202 3419 222 3462 a
249 3418 283 3462 se
309 3397 379 3481 ipse
407 3395 578 3461 discessit?
609 3417 673 3481 qua
699 3395 942 3481 perturbatione
971 3395 1080 3478 animi,

79 3506 172 3570 quae,
200 3506 296 3550 sanus
319 3486 513 3568 comesset,
540 3484 678 3550 timebat
698 3505 739 3548 ne
762 3482 939 3567 evenirent,
967 3504 1005 3548 ea
1028 3483 1079 3548 de
