2510 3936
137 185 204 252 394
531 184 579 240 oe
599 183 754 240 naerens

136 331 246 418 pergit
277 329 392 396 oratio.
437 328 594 404 Quocirca
625 349 738 394 vereor
766 328 983 412 committere,
1015 331 1055 393 ut
1082 350 1151 394 non

136 420 218 486 bene
242 418 374 504 provisa
397 422 430 483 et
453 418 627 504 diligenter
650 417 820 501 explorata
841 416 1002 500 principia
1024 439 1151 502 ponan-

136 511 204 593 tur,
232 529 292 572 nec
320 510 432 572 tamen
460 510 498 571 ut
525 505 675 572 omnibus
702 505 882 590 probentur
905 502 996 590 (nam
1018 505 1053 569 id
1076 507 1151 570 fien'

135 618 201 662 non
218 595 352 680 potest),
374 595 430 660 sed
448 598 485 660 ut
503 593 559 677 eis,
582 593 638 677 qui
656 593 764 660 omnia
782 597 872 658 recta
889 596 988 676 atque
1006 593 1150 659 honesta

135 706 193 770 pcr
216 705 251 748 se
274 683 453 768 expetenda
476 683 635 748 duxerunt
658 686 692 747 et
709 685 767 747 aut
783 681 868 746 nihil
886 681 1019 746 omnino
1038 683 1075 746 in
1093 683 1179 748 boo

135 773 187 838 nis
215 771 463 855 numerandum,
494 771 559 835 nisi
586 770 671 856 quod
699 791 758 855 per
785 791 819 834 se
845 770 954 854 ipsum
981 771 1149 836 laudabile

137 863 236 946 esset,
268 865 325 926 aut
352 864 438 926 certe
464 859 591 925 nullum
619 858 803 924 habendum
831 880 987 944 magnum
1015 859 1150 944 bonum,

84 965 118 1014 38
135 949 200 1016 nisi
223 949 309 1034 quod
331 971 407 1014 vere
423 948 550 1014 laudari
568 969 628 1014 sua
646 950 762 1032 sponte
779 951 901 1032 posset,
923 983 966 994 -
984 947 1027 1012 iis
1047 949 1149 1013 omni-

135 1040 210 1122 bus,
237 1037 305 1102 sive
332 1037 367 1102 in
388 1035 564 1104 Academia
590 1039 708 1101 vetere.
722 1057 795 1101 curn
818 1033 1014 1120 Speusippo,
1041 1036 1149 1102 Xeno

136 1131 234 1211 crate,
254 1125 430 1191 Polemone
452 1126 652 1208 manserunt,
673 1125 741 1189 sive
757 1123 973 1190 Aristotelem
995 1128 1029 1190 et
1044 1125 1148 1190 Theo
1164 1143 1193 1182 1⁰

135 1215 307 1299 phrastum
339 1235 412 1278 cum
443 1213 511 1278 illis
543 1213 750 1298 congruentis
782 1233 834 1296 re,
866 1234 983 1298 genere
1011 1213 1149 1279 docendi

135 1301 269 1386 paulum
292 1301 471 1366 differentis
493 1301 595 1366 secuti
618 1305 708 1384 sunt,
731 1300 812 1384 sive,
834 1304 872 1366 ut
895 1300 1017 1366 Zenoni
1040 1302 1148 1368 visum

127 1393 199 1472 cst,
235 1388 331 1454 rebus
363 1409 431 1452 non
460 1389 669 1454 commutatis
700 1389 945 1454 inmutaverunt
975 1392 1147 1474 vocabula,

136 1478 203 1543 sive
226 1477 326 1541 etiam
348 1474 513 1542 Aristonis
537 1476 702 1542 difficilem
720 1481 818 1561 atque
836 1477 980 1563 arduam,
1004 1479 1063 1542 sed
1080 1480 1147 1544 ianr

134 1569 246 1630 tamen
271 1564 411 1630 fractam
438 1569 472 1630 et
499 1565 680 1630 convictam
708 1569 830 1630 sectam
858 1567 960 1630 secuti
988 1571 1080 1651 sunt,
1110 1571 1191 1632 ut1⁵

134 1653 311 1719 virtutibus
331 1653 472 1738 exceptis
491 1657 588 1738 atque
607 1653 695 1718 vitiis
715 1657 823 1720 cetera
839 1654 875 1718 in
888 1673 1016 1719 summa
1030 1677 1148 1740 aequa·

135 1742 230 1806 litate
253 1746 420 1827 ponerent,
443 1779 485 1789 -
508 1742 560 1806 his
584 1742 734 1808 omnibus
756 1743 844 1827 haec,
868 1765 950 1826 quae
974 1743 1050 1827 dixi,
1073 1767 1147 1828 pro

82 1841 116 1890 39
134 1830 260 1896 bantur.
297 1827 367 1894 Sibi
390 1835 499 1895 autem
516 1830 716 1915 indulgentis
735 1833 768 1894 et
785 1831 914 1915 corpori
931 1831 1146 1898 deservientis

136 1922 234 2002 atque
257 1918 375 2001 omnia,
399 1941 482 2002 quae
504 1917 681 2002 sequantur
702 1919 739 1983 in
754 1918 823 1983 vita
842 1941 987 2002 quaeque
1004 1919 1146 2006 fugiant,

134 2006 358 2090 voluptatibus
391 2009 425 2072 et
457 2006 622 2072 doloribus
651 2006 876 2091 ponderantis,
909 2007 1040 2072 etiamsi
1067 2031 1147 2074 vera
1161 2027 1190 2066 2⁰

136 2094 246 2158 dicunt
269 2093 366 2178 (nihil
389 2094 475 2158 enim
498 2116 579 2179 opus
602 2097 652 2158 est
675 2095 831 2160 hocloco
854 2095 994 2180 litibus),
1018 2097 1054 2162 in
1071 2097 1147 2162 hor·

135 2181 214 2245 tulis
243 2181 309 2244 suis
336 2180 505 2246 iubeamus
533 2183 638 2247 dicere
666 2186 763 2267 atque
790 2183 889 2248 etiam
917 2184 958 2249 ab
982 2186 1073 2250 omni
1095 2208 1147 2252 so-

135 2269 252 2334 cietate
274 2268 323 2334 rei
345 2269 504 2354 publicae,
529 2271 644 2354 quoius
667 2275 795 2355 partem
816 2293 875 2336 nec
897 2277 1020 2359 norunt
1040 2275 1147 2340 ullam

133 2377 238 2441 neque
264 2378 420 2441 umquam
445 2380 542 2424 nosse
569 2359 755 2443 voluenmt,
783 2360 950 2445 paulisper
978 2361 1147 2428 facessant

134 2467 295 2531 rogemus
338 2445 613 2512 Perturbatricem
641 2451 750 2513 autem
777 2447 894 2514 harum
922 2450 1070 2516 omniurn
1096 2473 1146 2516 re·
1159 2467 1188 2508 2⁵

134 2555 206 2598 rum
233 2533 455 2620 Academiam,
487 2535 571 2600 hanc
598 2535 639 2600 ab
667 2535 815 2601 Arcesila
842 2540 875 2602 et
903 2535 1070 2604 Carneade
1096 2561 1146 2606 re·

134 2625 268 2707 centem,
292 2629 468 2706 exoremus,
490 2626 528 2688 ut
551 2623 660 2708 sileat,
681 2645 758 2689 nam
777 2624 806 2690 si
823 2624 981 2690 invaserit
998 2627 1036 2692 in
1053 2627 1147 2714 haec,

135 2731 216 2794 quae
239 2711 320 2775 satis
345 2711 424 2776 scite
442 2710 536 2776 nobis
554 2711 714 2778 instructa
732 2716 765 2778 et
783 2713 965 2799 composita
982 2714 1146 2801 videntur,

133 2797 250 2862 nimias
278 2799 351 2863 edet
373 2800 498 2882 ruinas,
525 2821 624 2883 quam
647 2799 776 2884 quidem
800 2822 860 2886 ego
883 2801 1014 2887 placare
1037 2805 1146 2890 cupio,

134 2905 336 2950 summovere
358 2907 426 2951 non
447 2888 557 2953 audeo.
1158 2908 1186 2948 ³⁰

207 2993 370 3036 ....nam
397 2975 491 3040 etin
517 2975 558 3040 iis
586 2975 655 3041 sine
682 2977 771 3042 illius
800 2977 994 3044 suffimentis
1019 2981 1146 3064 expiati
1249 3009 1250 3060 l

134 3081 258 3142 sumus3
290 3063 326 3124 at
356 3081 433 3126 vero
465 3064 621 3138 scelerum
648 3065 683 3130 in
709 3065 856 3132 homines
884 3070 982 3151 atque
1009 3067 1045 3132 iu
1074 3069 1146 3134 deor

131 3147 324 3230 inquietatum
353 3148 444 3212 nulla
474 3150 615 3234 expiatio
645 3156 704 3218 est.
748 3153 865 3238 Itaque
893 3171 1016 3240 poenas
1047 3156 1145 3221 luunt

131 3256 197 3300 non
219 3235 289 3300 tam
310 3234 436 3302 iudiciis
461 3235 557 3322 (quae
581 3239 743 3323 quondam
766 3263 926 3326 nusquam
949 3248 1057 3327 erant,
1086 3245 1144 3310 ho·

132 3322 183 3386 die
205 3322 420 3388 multifariam
442 3325 533 3390 nulla
556 3330 640 3408 sunt,
663 3329 720 3393 ubi
744 3333 829 3413 suut,
851 3334 962 3396 tamen
984 3353 1144 3418 persaepe
1158 3345 1186 3388 ⁸⁵

130 3407 216 3474 falsa
252 3409 354 3495 sunt),
391 3411 447 3476 sed
483 3433 538 3476 eos
575 3414 705 3498 agitant
740 3417 1004 3503 insectanturque
1035 3419 1144 3485 furiae

130 3515 197 3559 non
227 3496 415 3562 ardentibus
444 3499 563 3583 taedis,
591 3501 676 3566 sicut
705 3503 739 3568 in
766 3505 902 3589 fabulis,
933 3506 990 3572 aed
1017 3527 1144 3592 angore
1249 3565 1250 3568 ,

79 2940 124 3066 e
