2458 3934
323 193 390 250 LIB.
410 193 444 248 II.
464 193 540 249 CAP.
560 200 655 252 8-11.
678 201 693 262 5
712 202 825 251 21-27.
1008 195 1074 262 205

89 338 161 419 sunt,
182 339 269 402 certa
291 357 361 402 esse
383 359 450 404 non
471 341 616 423 possunt.
658 335 715 404 Sin
738 344 846 405 autem
869 341 992 404 eertum
1015 341 1074 423 cst,

82 419 153 506 'quid
174 445 298 508 quaque
321 424 359 489 de
382 446 418 490 re
441 447 567 510 quoque
589 431 735 512 tempore
757 426 903 492 futurum
922 427 974 510 sit,
998 427 1076 511 quid

85 515 134 594 cst,
151 513 236 596 quod
252 535 304 577 me
323 511 476 578 adiuvent
493 514 703 599 haruspices?
723 517 778 597 qai
795 538 868 581 cam
886 535 938 581 res
956 515 1074 580 tristis·
1086 568 1127 632 10

84 599 172 664 simas
193 601 344 686 portendi
366 601 528 686 dixerunt,
555 603 676 667 addunt
699 603 740 667 ad
763 607 941 669 extremum
965 603 1074 669 omnia
1092 645 1126 693 25

64 687 175 752 slevius
202 711 317 754 casura
341 689 438 754 rebus
466 690 583 754 divinis
610 691 805 778 procuratis,
832 691 860 756 si
882 691 969 756 enirn
990 691 1074 756 nihil

82 775 114 837 fit
140 780 231 841 extra
256 776 375 860 fatum,
405 777 488 842 nihil
515 778 617 843 levari
643 800 678 843 re
705 779 815 844 divina
840 783 958 864 potest.
1002 778 1075 845 Hoc

82 864 171 928 sentit
193 864 370 949 Homerus,
398 887 470 931 cum
494 870 680 950 querentem
701 866 812 932 Iovem
835 867 966 950 inducit,
989 866 1075 951 quod

81 947 290 1036 Sarpedonem
311 953 416 1018 filium
439 977 459 1019 a
481 958 586 1019 morte
608 958 723 1018 eontra
743 954 849 1019 fatum
870 954 992 1039 eripere
1009 975 1075 1019 non

80 1044 189 1122 posset.
229 1040 301 1105 Hoc
322 1041 408 1106 idem
431 1042 593 1128 significat
616 1040 757 1107 Graecus
780 1043 837 1108 ille
859 1042 893 1106 in
915 1062 987 1106 eam
1006 1063 1075 1107 sen·

52 1143 70 1182 1⁰
80 1128 207 1193 tentiam
231 1150 357 1194 versus:

116 1213 221 1290 Quod
243 1216 326 1282 fo‘re
348 1222 526 1302 paratum
550 1222 623 1302 est,
649 1217 688 1284 1‘d
711 1239 895 1284 summum
918 1239 1074 1304 exsupe-

765 1310 828 1372 rr‘at
850 1307 986 1374 Iovem.

78 1391 189 1459 Totum
214 1394 345 1459 omnino
367 1393 473 1459 fatum
492 1393 590 1460 etiam
608 1395 776 1461 Atellanio
793 1417 889 1461 versu
906 1396 976 1460 iure
994 1395 1075 1460 mihi

79 1501 140 1547 esse
168 1482 308 1547 inrisum
336 1481 477 1566 videtum
507 1483 563 1547 sed
589 1483 624 1548 in
650 1483 747 1548 rebus
775 1487 845 1549 tam
868 1483 988 1550 severis
1009 1505 1076 1550 non

79 1574 122 1634 est
142 1570 273 1636 iocandi
296 1571 395 1635 locus.
441 1569 659 1636 Concludatur
681 1572 782 1657 igitur
804 1572 902 1636 ratio:
932 1570 967 1636 si
990 1572 1075 1636 enim

50 1671 69 1710 1⁵
78 1658 236 1741 provideri
257 1657 340 1722 nihil
363 1662 473 1742 potest
494 1658 640 1724 futurum
663 1679 733 1724 esse
756 1679 876 1742 eorum,
898 1679 981 1743 quae
999 1679 1076 1724 casu

78 1746 160 1831 fiunt,
184 1747 263 1831 quia
285 1767 355 1810 esse
373 1749 461 1810 certa
478 1767 545 1811 non
561 1751 707 1832 possunt,
729 1746 885 1811 divinatio
904 1747 996 1811 nulla
1013 1750 1077 1830 est3

79 1835 123 1898 sin
149 1839 261 1900 autem
287 1834 406 1900 idcirco
429 1838 567 1919 possunt
588 1835 762 1920 provideri,
790 1835 866 1918 quia
889 1837 977 1900 certa
1000 1839 1077 1898 sunt

78 1926 107 1985 et
129 1922 261 2007 fatalia,
293 1943 403 1987 rursus
431 1921 588 1988 divinatio
617 1923 709 1988 nulla
736 1927 799 2007 est3
831 1943 903 1988 eam
930 1921 1017 1987 enirn
1039 1925 1076 1986 tu

77 2009 281 2076 fortuitarum
308 2031 416 2076 rerum
439 2031 509 2075 esse
533 2011 669 2076 dicebas.
715 2009 777 2076 Sed
799 2011 879 2076 haec
900 2010 999 2077 fuerit
1020 2031 1076 2074 no·
1095 2023 1129 2072 ao

48 2099 122 2163 nbis
148 2103 318 2184 tamquam
345 2098 426 2164 levis
454 2102 638 2164 armaturae
660 2100 766 2185 prima
789 2099 946 2165 orationis
969 2120 1077 2164 excur-

79 2187 135 2271 sio;
158 2207 246 2252 nunc
268 2187 446 2252 comminus
470 2207 606 2273 agamus
628 2188 901 2274 experiamurqne,
925 2188 953 2253 si
975 2187 1076 2273 possi·

78 2295 143 2340 mus
165 2296 289 2342 cornua
310 2295 512 2340 commovero
535 2275 763 2361 disputationis
785 2279 870 2341 tuae.

136 2364 212 2430 Duo
245 2362 330 2427 enim
363 2383 482 2448 genera
513 2362 677 2428 divinandi
706 2385 775 2429 esse
803 2363 945 2447 dicebas,
977 2383 1077 2428 unum
1090 2364 1127 2428 11

78 2451 297 2534 artificiosum,
327 2452 466 2516 altorum
494 2452 655 2535 naturale3
688 2451 908 2517 artificiosum
928 2453 1076 2516 constare

46 2541 194 2623 ²⁵partim
213 2561 252 2604 ex
271 2539 461 2622 coniectura,
479 2539 599 2624 partim
618 2560 657 2603 ex
673 2539 898 2604 observatione
912 2538 1077 2622 diutuma3

77 2628 237 2711 natrrrale,
260 2626 345 2712 quod
369 2627 494 2692 animus
518 2627 674 2712 arriperet
697 2629 754 2691 aut
777 2627 936 2711 exciperet
959 2626 1077 2691 extrin-

78 2735 163 2781 secus
192 2737 232 2780 ex
258 2714 441 2798 divinitate,
468 2715 552 2780 unde
579 2736 690 2780 omnes
714 2714 838 2780 animos
861 2714 997 2779 haustos
1020 2718 1076 2780 aut

78 2809 223 2890 acceptos
247 2806 304 2868 aut
326 2803 447 2868 libatos
465 2803 666 2869 haberemus.
701 2802 889 2867 Artificiosa
908 2801 1077 2869 divinatio·

77 2892 123 2956 nis
155 2893 215 2957 illa
246 2889 313 2955 fere
344 2911 462 2977 genera
487 2891 643 2976 ponebas:
676 2891 867 2976 extispicum
894 2913 1077 2976 eorumque,

46 2981 130 3062 ³⁰qui
152 3001 192 3044 ex
213 2978 397 3065 fulgoribus
421 2980 620 3063 ostentisque
638 2978 867 3064 praedicerent,
889 2983 960 3045 tum
978 3001 1077 3066 augu-

77 3087 146 3132 rum
179 3089 365 3152 eorumque,
398 3067 453 3151 qui
485 3067 586 3153 signis
619 3070 675 3132 aut
707 3067 869 3133 ominibus
900 3071 1076 3150 uterentur,

78 3176 232 3240 omneque
256 3176 356 3242 genus
380 3155 593 3220 coniecturale
615 3155 650 3219 in
671 3155 734 3221 hoe
754 3155 822 3221 fere
845 3177 962 3242 genere
980 3177 1077 3240 pone·

77 3241 142 3308 bas.
178 3243 266 3308 Illud
289 3246 397 3308 autem
414 3244 562 3307 naturale
581 3246 637 3307 aut
655 3243 870 3309 concitatione
888 3243 1006 3307 mentis
1025 3242 1076 3306 edi
1094 3253 1127 3302 2⁷

79 3335 109 3394 et
131 3332 225 3416 quasi
246 3329 338 3396 fundi
360 3331 531 3396 videbatur
553 3332 609 3394 aut
632 3330 740 3395 animo
763 3353 821 3416 per
840 3351 988 3394 somnum
1008 3351 1076 3394 sen·

46 3419 166 3484 ssibus
189 3425 222 3485 et
244 3419 328 3484 curis
351 3439 452 3484 vacuo
475 3417 644 3503 provideri.
679 3417 810 3482 Duxisti
829 3420 936 3482 sutem
956 3417 1075 3482 divina-

78 3507 197 3573 tionem
216 3529 344 3573 omnem
363 3505 505 3572 utribus
523 3505 628 3588 rebus,
651 3506 758 3586 adeo,
777 3528 797 3570 a
813 3504 892 3588 fato,
913 3526 933 3569 a
949 3507 1075 3569 natura.
