2452 3938
294 172 361 229 ΗΒ.
380 173 414 230 11.
440 173 516 230 οΑΡ.
535 179 648 230 cc-ce,
667 181 683 242 s
703 182 849 233 114-119.
1009 177 1073 243 239

76 314 207 400 decepit,
235 316 288 381 vel
311 315 530 402 Chrysippum
556 318 717 404 potuisset
738 319 866 405 fallere,
894 318 975 387 haec
996 343 1124 427 vero57

74 424 111 467 ne
131 403 309 489 Epicurum
333 405 470 490 quidem.
511 403 586 490 Sed,
610 408 695 490 quod
718 412 816 493 caput
838 412 898 493 est,
920 430 976 474 cur
997 409 1062 474 isto
1075 440 1124 489 11v

74 491 163 558 modo
201 491 268 556 iam
305 493 415 558 oracla
445 492 582 578 Delphis
614 517 679 559 non
712 497 849 561 eduntur
880 517 945 562 non
977 497 1072 562 modo

72 583 180 644 nostra
209 583 331 664 aetate,
360 581 417 646 sed
438 579 505 645 iem
528 582 596 666 diu,
621 582 689 646 iam
710 586 748 648 ut
769 584 851 649 nihil
874 584 979 670 possit
1003 605 1073 650 esse

52 667 308 753 lcontcmptius?
335 667 407 734 Hoc
420 669 492 734 loco
507 691 580 734 curn
593 674 781 755 urguentur,
799 673 968 738 evanuisse
982 673 1074 737 aiunt

71 759 231 820 vetustate
250 755 317 820 vim
335 756 399 821 loci
413 756 490 839 eius,
508 757 592 822 unde
606 758 769 823 anhelitus
782 759 840 824 illc
853 763 959 826 tarrae
971 761 1073 845 fieret,

72 865 131 926 quo
140 843 262 928 Pythia
275 847 383 910 mente
396 844 532 910 incitata
541 845 652 910 oracla
661 845 777 911 ederet.
800 846 849 912 De
858 848 934 912 vino
944 852 1001 912 aut
1011 848 1073 913 sal-

71 935 214 998 samento
233 935 329 1016 putes
347 932 446 1017 loqui,
465 954 547 1016 quaa
566 937 761 998 evanescunt
778 937 955 1018 vetustate3
981 936 1019 999 de
1039 934 1073 1000 vi

71 1019 129 1086 loci
145 1020 265 1105 agitur,
276 1042 380 1104 neque
394 1021 500 1085 solum
513 1021 665 1104 naturali,
678 1021 843 1087 sedetiam
853 1022 975 1106 divina3
990 1044 1071 1106 quae

39 1125 129 1191 loquo
151 1106 287 1173 tandem
304 1109 400 1174 modo
419 1108 572 1174 evanuit?
608 1106 790 1194 Vetustate,
812 1109 946 1194 inquies.
983 1107 1072 1185 Quae

68 1200 214 1262 vetustas
237 1200 296 1281 est,
319 1217 401 1281 quae
423 1196 490 1261 vim
513 1195 656 1272 divinam
673 1199 828 1264 conficere
845 1197 972 1283 possit?
996 1197 1072 1283 quid

68 1288 135 1350 tam
158 1283 305 1349 divinum
323 1287 431 1349 autem
450 1306 548 1369 quam
566 1285 704 1350 adflatus
724 1305 741 1350 e
759 1289 848 1351 terra
865 1289 1007 1351 mentem
1024 1286 1072 1350 ita

69 1393 210 1457 movens,
230 1376 269 1437 ut
287 1394 358 1437 eam
372 1373 542 1456 providam
555 1394 665 1438 rerum
676 1373 862 1439 futurarum
874 1373 1016 1439 efficiat?
1034 1377 1073 1438 ut

68 1483 104 1526 ea
120 1482 189 1526 non
205 1459 302 1525 modo
321 1464 433 1525 cernat
450 1461 654 1544 mulmento,
673 1461 842 1528 sedetiam
855 1484 990 1528 numero
1003 1483 1073 1526 ver·

36 1566 57 1606 ¹⁵
69 1571 168 1634 suque
191 1547 387 1634 pronuntiet.
423 1545 558 1623 Quando
576 1549 641 1613 ista
658 1548 708 1613 vis
727 1553 836 1614 autem
855 1550 1007 1615 evanuit?
1030 1571 1073 1614 an

67 1640 241 1720 postquam
262 1635 411 1700 homines
430 1636 536 1701 minus
555 1635 677 1700 creduli
695 1657 765 1700 esse
783 1637 979 1721 coeperunt?
1001 1635 1062 1701 De·
1073 1650 1123 1699 118

68 1724 252 1789 mosthenes
276 1724 419 1807 quidem,
442 1723 498 1808 qui
521 1722 638 1789 abhinc
661 1745 763 1788 annos
785 1745 887 1808 prope
909 1727 1071 1789 trecentos

67 1811 136 1896 fuit,
168 1812 234 1876 iam
266 1814 337 1876 tum
368 1813 571 1895 φιλιππίζειν
599 1810 752 1894 Pythiam
784 1811 925 1895 dicebat,
956 1811 991 1875 id
1021 1815 1071 1876 est

68 1900 159 1984 quasi
181 1921 255 1964 cum
277 1898 430 1985 Philippo
452 1898 567 1965 facere.
606 1898 678 1964 Hoc
700 1903 809 1984 autem
832 1921 870 1964 eo
894 1898 1070 1984 spectabat,

35 2004 55 2043 ²⁰
67 1993 101 2054 ut
124 2010 198 2054 eam
217 1986 402 2072 aPhilippo
424 1990 612 2071 corruptam
634 1987 767 2070 diceret3
790 2008 827 2053 ea·
845 2009 908 2072 quo
926 1987 1002 2052 licet
1021 2008 1072 2052 ex·

66 2075 222 2141 istumare
253 2074 288 2139 in
320 2074 393 2139 aliis
426 2096 552 2159 quoque
584 2074 722 2139 oraculis
749 2074 917 2160 Delphicis
949 2075 1072 2158 aliquid

64 2187 130 2229 non
158 2163 275 2228 sinceri
300 2161 410 2227 fuisse.
451 2159 514 2226 Sed
540 2161 648 2227 nescio
677 2184 740 2247 quo
768 2163 864 2228 modo
887 2163 944 2227 isti
967 2162 1071 2246 philo·

65 2251 161 2337 sophi
183 2249 403 2336 superstitiosi
426 2253 459 2314 et
480 2270 584 2334 paene
605 2249 741 2316 fanatici
763 2250 890 2334 quidvis
909 2250 1071 2315 mallavi-

65 2340 183 2404 dentur
210 2359 308 2422 quam
336 2358 459 2403 senon
480 2337 618 2421 ineptos.
658 2336 837 2403 Evanuisse
860 2338 1014 2403 mavultis
1038 2341 1071 2402 et

29 2444 52 2483 ²⁵
65 2427 244 2492 extinctum
267 2447 337 2490 esse
359 2425 407 2509 id,
430 2424 516 2509 quod
539 2424 568 2488 si
590 2446 744 2508 umquam
764 2425 889 2507 fuisset,
912 2428 998 2489 certe
1022 2447 1071 2489 ae-

64 2520 194 2580 ternum
217 2517 312 2598 esset,
335 2535 432 2598 quam
455 2534 502 2596 ea,
525 2533 608 2596 quae
630 2534 697 2577 non
719 2516 795 2576 sunt
817 2510 983 2595 credenda,
1005 2534 1072 2578 non

64 2602 254 2754 creddiheiilis
282 2692 333 2754 est
357 2709 446 2754 error
468 2689 504 2755 in
526 2687 674 2772 somniis3
697 2709 834 2772 quorum
857 2686 986 2773 quidem
1009 2686 1060 2752 de·
1073 2659 1123 2785 151}

63 2777 169 2843 fensio
193 2776 334 2862 repetita
356 2799 453 2861 quarn
475 2777 574 2862 longe
598 2777 662 2841 est!
693 2775 829 2841 Divinos
852 2775 977 2840 animos
1000 2797 1071 2840 cen-

27 2885 51 2924 30
65 2869 139 2932 sent
156 2886 228 2930 esse
244 2868 385 2949 nostros,
407 2885 525 2949 eosque
544 2885 614 2928 essa
632 2867 755 2929 tractos
775 2863 982 2949 extrinsecus,
1005 2864 1071 2929 ani·

64 2975 255 3036 morumque
278 2952 549 3018 consentientium
571 2951 778 3017 multitudine
795 2953 981 3037 conpletum
1000 2973 1070 3017 esse

64 3040 235 3124 mundum3
263 3040 325 3106 hac
355 3039 459 3126 igitur
489 3039 607 3106 mentis
640 3043 672 3104 et
702 3038 805 3124 ipsius
837 3040 1007 3105 divinitate
1037 3042 1070 3103 et

64 3128 290 3196 coniunctione
317 3149 390 3194 cum
417 3128 558 3194 externis
586 3127 748 3193 mentibus
772 3128 872 3211 cerni,
899 3149 981 3211 quae
1004 3127 1070 3190 sint

64 3217 187 3282 futura.
234 3214 392 3282 Contrahi
416 3218 525 3281 autem
552 3216 696 3281 animum
723 3213 808 3280 Zeno
832 3218 864 3280 et
887 3214 981 3297 quasi
1002 3213 1070 3277 labi

25 3325 50 3365 ³⁵
63 3309 162 3392 putat
190 3308 287 3388 etque
315 3302 494 3388 concidere,
521 3303 554 3368 id
581 3304 687 3387 ipsum
715 3325 785 3368 esse
808 3301 954 3367 dormire.
998 3299 1070 3364 Iam

64 3393 273 3478 Pythagoras
300 3396 333 3458 et
354 3392 465 3475 Plato,
491 3389 739 3476 locupletissimi
762 3392 921 3472 auctores,
949 3387 1070 3471 quoin

65 3481 188 3548 somnis
218 3480 357 3547 certiora
379 3480 558 3564 videamus,
584 3481 795 3564 praeparatos
818 3476 957 3561 quodam
980 3475 1069 3540 cultu
