2478 3936
351 143 420 198 nm.
439 143 474 198 n
494 143 568 198 oAP.
589 151 666 199 1-a.
685 150 701 211 s
719 150 797 201 a-s.
1032 145 1076 210 49

83 289 161 352 ridae
180 287 312 353 Persem
334 288 456 352 vietum
478 287 718 353 nuntiaverunt
752 287 789 354 P.
812 289 898 354 enim
915 286 1077 372 Vatinius,

85 398 152 442 avus
180 375 276 441 huius
309 375 536 459 adulescentis,
569 398 642 440 cum
671 376 915 461 epraefectura
937 375 1078 441 Reatina

84 463 207 529 Romam
233 463 378 529 venienti
404 467 504 530 noctu
530 463 593 528 duo
620 465 751 530 iuvenes
780 487 852 530 cum
878 464 968 548 equis
992 464 1076 528 albis

85 551 227 616 dixissent
249 573 361 637 regem
378 550 510 616 Persem
532 551 591 616 illo
615 553 665 616 die
688 555 828 638 captum,
852 552 978 617 senatui
997 574 1076 616 nun-

61 640 181 724 ⁵tiavit3
202 643 236 704 et
257 640 364 725 primo
387 639 481 723 quasi
499 643 619 704 temere
639 639 677 704 de
695 662 730 705 re
748 641 879 726 publica
896 641 1023 705 locutus
1042 640 1077 705 iu

82 749 231 793 carcerem
259 727 423 793 coniectus
451 731 513 810 est,
541 731 618 812 post
645 727 788 794 aPaulo
817 729 936 793 litteris
965 727 1076 793 allatis

80 837 145 880 cum
171 814 257 880 idem
284 814 352 880 dies
381 815 595 900 constitisset,
625 819 658 880 et
685 838 765 902 agro
789 839 809 882 a
831 820 946 882 senatu
969 820 1002 880 et
1024 838 1077 881 va

79 904 196 996 catione
228 903 367 968 donatus
400 907 458 969 est.
508 904 616 988 Atque
646 905 746 970 etiam
774 927 848 971 cum
876 904 917 969 ad
943 903 1078 969 fluvium

80 988 209 1077 Sagram
223 989 431 1056 Crotoniatas
444 991 541 1057 Locri
563 992 703 1056 maximo
726 993 851 1076 proelio
876 992 1077 1073 devicissent,

46 1094 67 1132 1⁰
79 1101 112 1144 eo
132 1079 204 1164 ipso
228 1079 280 1144 die
303 1079 448 1144 auditam
467 1102 537 1144 esse
556 1103 628 1144 eam
644 1101 789 1166 pugnam
807 1080 891 1145 ludis
906 1078 1078 1164 Olympiae

77 1167 245 1232 memoriae
268 1168 434 1253 proditum
456 1171 515 1232 est.
552 1166 653 1253 Saepe
666 1167 852 1233 Faunorum
870 1190 966 1233 vocer
986 1189 1078 1232 exau·

76 1255 170 1339 ditae,
202 1278 299 1340 saepe
328 1256 417 1323 visae
443 1255 568 1321 formae
595 1257 728 1322 deorum
756 1256 901 1342 quemvis
928 1278 994 1322 non
1022 1259 1079 1321 aut

75 1343 221 1409 hebetem
252 1348 310 1409 aut
341 1344 478 1429 impium
510 1344 585 1410 deos
617 1348 804 1429 praesentes
832 1367 902 1410 esse
932 1344 1079 1410 confiteri

75 1435 254 1518 codgernnt.
289 1431 530 1498 Praedictiones
553 1455 630 1497 vero
653 1436 687 1497 et
708 1433 951 1518 praesensiones
970 1399 1118 1525 rerum}

44 1520 255 1586 afuturam
292 1521 370 1606 quid
405 1521 493 1586 aliud
529 1521 694 1585 declarant
727 1521 792 1585 nisi
822 1521 1008 1587 hominibus
1041 1543 1079 1584 ea

75 1608 212 1693 ostendi,
244 1609 434 1693 monstrari,
457 1609 627 1694 portendi,
658 1609 822 1694 praedici?
855 1631 893 1674 ex
926 1631 989 1692 quo
1021 1608 1081 1674 illa

75 1700 242 1783 ostenta,
273 1700 459 1782 monstra,
490 1700 687 1782 portenta,
714 1695 895 1781 prodigia
922 1696 1080 1760 dicuntur.

75 1784 194 1860 Quodsi
216 1807 255 1850 ea
276 1787 353 1851 ficta
374 1784 532 1852 oredimus
555 1785 687 1851 licentia
703 1783 898 1868 fabularum,
920 1783 1081 1868 Mopsum,

75 1872 240 1958 tiresiam,
254 1873 499 1960 Amphiaraum,
515 1872 736 1957 Calchantem,
749 1872 919 1957 Helenum,
939 1894 1019 1956 quos
1034 1876 1081 1936 ta-

44 1974 147 2026 ²⁰men
165 1983 305 2048 augures
327 1985 368 2027 ne
391 1963 480 2047 ipsae
504 1962 632 2046 quidem
654 1962 785 2026 fabulae
809 1961 1029 2044 adscivissent,
1052 1960 1080 2026 si

75 2071 123 2116 res
143 2051 274 2115 omnino
296 2050 490 2136 repudiaret,
512 2072 553 2115 ne
572 2049 756 2115 domesticis
776 2049 905 2134 quidem
924 2049 1079 2133 exemplis

76 2139 160 2202 docti
191 2160 311 2204 numen
343 2138 475 2204 deorum
502 2137 796 2223 conprobabimus‘?
841 2137 934 2202 Nihil
960 2159 1021 2202 nos
1045 2137 1080 2202 P.

77 2223 202 2292 Claudii
227 2227 316 2292 bello
343 2226 465 2292 Punico
493 2227 599 2312 primo
626 2227 794 2292 temeritas
822 2226 988 2292 movebit?
1025 2225 1081 2309 qui

78 2314 173 2380 etiam
205 2336 264 2400 per
293 2314 401 2380 iocum
433 2314 509 2380 deos
536 2315 692 2399 inridens,
725 2336 798 2380 oum
825 2337 922 2380 cavea
949 2313 1081 2377 liberati

45 2413 66 2454 ²⁵
77 2403 157 2486 pulli
177 2424 245 2468 non
265 2407 486 2488 pascerentur,
510 2403 615 2489 mergi
637 2424 692 2468 eos
714 2403 750 2468 in
772 2424 891 2486 aquam
912 2401 1021 2485 iussit,
1044 2403 1081 2465 ut

76 2491 236 2575 biberent,
261 2492 413 2575 quoniam
437 2512 506 2556 esse
529 2492 664 2556 nollent.
710 2489 773 2566 Qui
794 2491 880 2554 risus
902 2488 1006 2554 classe
1030 2487 1080 2554 de

76 2578 161 2644 victa
186 2578 309 2645 multas
331 2579 396 2665 ipsi
417 2580 582 2662 lacrimas,
609 2600 764 2664 magnam
786 2577 908 2662 populo
931 2575 1079 2641 Romano

78 2667 199 2732 cladem
217 2667 339 2732 attulit.
372 2665 476 2743 Quid?
500 2668 626 2754 collega
645 2668 713 2732 eius
731 2665 842 2731 Iunius
862 2664 973 2730 eodem
991 2665 1080 2729 bello

77 2777 180 2821 nonne
206 2759 403 2840 tempestate
431 2757 568 2822 classem
592 2755 714 2839 amisit,
742 2777 816 2820 cum
839 2753 991 2838 auspiciis
1014 2775 1081 2818 non

45 2844 258 2928 ”paruisset‘l
307 2843 422 2928 Itaque
454 2843 608 2909 Claudius
645 2866 666 2909 a
696 2842 817 2928 populo
849 2842 1080 2909 condemnatus

78 2935 138 3015 est,
164 2932 277 2998 Iunius
302 2954 413 2997 necem
436 2932 500 2996 sibi
522 2932 592 3017 ipse
615 2931 780 2997 conscivit.
826 2927 861 2997 O.
883 2930 1116 2997 Flaminiums

78 3018 205 3086 Coelius
228 3019 386 3107 religione
408 3021 559 3106 neglecta
577 3020 728 3086 cecidisse
747 3019 833 3105 apud
846 3020 1081 3086 Trasumenum

78 3108 189 3174 scribit
224 3131 298 3174 cum
334 3130 452 3194 magno
489 3109 536 3174 rei
566 3108 715 3194 publicae
746 3108 892 3190 vulnere,
938 3109 1081 3184 Quorum

79 3197 174 3262 exitio
201 3196 352 3283 intellegi
378 3199 487 3282 potest
515 3219 627 3263 eornm
653 3197 797 3282 imperiis
825 3196 1081 3279 rempublicam

48 3279 317 3370 eomplifioacam,
341 3285 396 3370 qui
418 3283 631 3372 religionibus
653 3287 846 3370 paruissent.
890 3281 935 3347 Et
958 3281 986 3344 si
1010 3302 1082 3344 oon-

79 3373 159 3438 lerre
182 3375 332 3444 volumus
355 3373 470 3438 nostra
492 3396 565 3438 cum
588 3373 742 3457 externis,
766 3370 881 3438 ceteris
904 3369 1000 3432 rebus
1025 3370 1081 3431 ant

80 3484 169 3546 pares
189 3462 363 3527 autetiam
380 3461 549 3527 inferiores
563 3462 768 3548 reperiemur,
790 3457 957 3542 religione,
979 3455 1013 3519 id
1032 3457 1082 3517 est

129 3574 273 3618 o1o.1v.a
851 3569 869 3610 a
