2510 3936
176 177 242 240 418
582 151 805 228 canusinus

176 343 249 386 rum
277 320 460 403 ostendere,
486 340 553 384 non
574 318 682 403 video,
710 339 766 383 cur
788 338 859 382 esse
883 316 1118 382 divinationem
1139 339 1190 382 ne-

125 425 159 474 as
179 431 267 496 gem,
291 412 366 473 sunt
390 412 500 472 autem
523 429 575 492 ea,
598 427 681 490 quae
699 406 808 492 posui3
831 426 869 469 ex
892 406 1012 490 quibus
1034 405 1083 489 id,
1106 405 1190 492 quod

177 498 342 581 volumus,
365 496 505 561 efficitur
528 499 562 560 et
585 495 722 580 cogitur.
759 493 830 559 Iam
851 515 930 559 vero
953 495 1191 579 permultorum

178 586 400 670 exemplorum
422 587 456 649 et
477 587 591 648 nostra
614 586 665 648 est
687 583 785 668 plena
807 603 858 648 res
877 583 1011 668 publica
1029 587 1065 648 et
1083 584 1192 648 omnia

177 695 279 760 regna
307 694 481 757 omnesque
508 672 623 758 populi
655 675 852 756 cunctaeque
879 675 995 756 gentes
1030 688 1215 758 augurumr

177 762 351 848 praedictis
383 763 489 826 multa
519 759 753 826 incredibiliter
784 781 861 826 vera
888 759 1058 844 cecidisse,
1089 781 1192 844 neque

179 850 265 917 enim
291 849 420 935 Polyidi
448 871 552 934 neque
580 847 796 935 Melampodis
825 868 929 932 neque
952 847 1063 934 Mopsi
1089 870 1192 932 nsque

178 939 372 1025 Amphiarai
394 959 498 1023 neque
517 936 706 1003 Calchantis
728 958 833 1021 neque
850 936 969 1002 Heleni
986 940 1121 1004 tantum
1138 958 1193 1000 no-

178 1050 253 1093 men
288 1028 417 1111 fuisset,
453 1047 557 1110 neque
594 1029 646 1091 tot
677 1025 825 1090 nationes
863 1024 897 1089 id
934 1025 975 1091 ad
1011 1025 1077 1091 hoe
1114 1029 1192 1090 tem·

178 1139 239 1202 pus
271 1116 496 1199 retinuissent,
532 1118 569 1179 nt
599 1113 783 1200 Phrygum,
818 1112 1020 1198 Lycaonum,
1054 1111 1191 1179 Cilicum
1204 1129 1225 1170 ¹⁰

179 1205 383 1288 maximeque
405 1203 598 1287 Pisidarum,
620 1202 685 1266 nisi
708 1205 853 1267 vetustas
877 1223 917 1268 ea
939 1206 1029 1267 certa
1049 1202 1191 1268 essedo
1245 1201 1246 1272 l

179 1293 312 1376 enisaet3
343 1313 402 1357 neo
433 1312 510 1357 vero
539 1290 699 1355 Romulus
730 1294 843 1356 noster
875 1291 1044 1376 auspicato
1077 1291 1191 1356 urbem
1245 1277 1246 1356 l

178 1380 383 1464 condidisset,
405 1399 509 1463 neque
527 1378 601 1443 Atti
619 1377 719 1444 Navii
740 1399 860 1444 nomen
881 1379 1041 1444 memoria
1061 1380 1191 1445 floreret
1245 1439 1246 1464 ,

178 1473 248 1533 tam
275 1467 343 1552 diu,
370 1466 435 1532 nisi
462 1487 574 1533 omnes
601 1467 637 1532 hi
664 1468 769 1533 multa
791 1467 834 1532 ad
855 1467 1030 1532 veritatem
1054 1468 1190 1532 admira-
1245 1521 1246 1530 ,

178 1556 260 1622 biha
282 1556 448 1622 dixissent.
485 1552 547 1621 Sed
570 1555 705 1621 dubium
726 1559 875 1640 nonest,
897 1556 976 1640 quin
998 1556 1082 1622 haec
1101 1556 1189 1620 disci·
1202 1570 1223 1611 1⁵

179 1646 270 1732 plina
297 1649 331 1710 et
359 1667 411 1712 ars
440 1665 601 1732 augurum
628 1644 796 1710 evannerit
822 1644 889 1708 iam
912 1648 946 1709 et
967 1647 1137 1710 vetustate
1159 1648 1189 1708 et

179 1734 395 1819 neglegentia.
431 1732 485 1798 Ita
505 1753 610 1817 neque
632 1732 684 1796 illi
707 1731 880 1818 adsentior,
904 1731 960 1816 qui
982 1732 1070 1799 hanc
1093 1734 1189 1798 scien-

179 1822 260 1887 tiam
287 1826 388 1907 negat
413 1843 567 1906 umquam
589 1821 624 1886 in
645 1825 760 1886 nostro
783 1820 922 1906 collegio
944 1819 1061 1907 fixisse,
1088 1842 1188 1906 neque

178 1910 243 1995 illi,
276 1910 332 1994 qui
364 1930 434 1975 esse
461 1910 560 1976 etiam
586 1929 672 1974 nunc
699 1913 808 1995 putat3
840 1930 923 1993 quae
951 1909 1033 1974 mihi
1063 1910 1188 1975 videtur

181 1998 266 2082 apud
294 1998 433 2063 maiores
460 1997 561 2063 fuisse
584 1997 715 2083 duplex,
742 2000 779 2062 ut
803 1997 844 2062 ad
865 1997 914 2063 rei
936 1998 1089 2083 publicae
1112 2002 1187 2063 tem-
1200 2013 1221 2053 20

180 2108 241 2171 pus
272 2107 339 2150 non
364 2108 556 2171 numquam,
588 2086 630 2151 ed
656 2085 774 2172 agendi
801 2085 973 2151 consilium
1000 2087 1187 2172 saepissime
1231 2147 1245 2173 ,

129 2188 164 2235 34
183 2173 368 2258 pertineret.
404 2175 481 2240 Arr.
504 2171 608 2239 Credo
631 2173 739 2239 hercle
762 2173 810 2239 ita
832 2194 903 2239 esse
925 2174 1047 2260 istique
1070 2175 1187 2240 rationi
1244 2185 1245 2190 ’

180 2260 388 2346 potissimum
411 2260 585 2328 adsentior.
621 2259 684 2327 Sed
706 2261 803 2328 redde
825 2266 941 2329 cetera.
1244 2331 1245 2334 ,

131 2352 173 2416 14
246 2349 294 2416 Μ.
317 2348 462 2416 Reddam
480 2372 567 2435 vero,
590 2354 624 2415 et
640 2350 683 2434 id,
706 2350 735 2414 si
753 2354 877 2437 potero,
899 2351 1000 2418 brevi.
1036 2350 1187 2437 Sequitur

182 2438 267 2502 enim
286 2437 325 2503 de
343 2438 413 2504 iure
431 2439 524 2523 belli3
541 2439 576 2503 in
594 2461 658 2522 quo
678 2442 711 2503 et
729 2439 932 2525 suscipiendo
952 2443 985 2505 et
1000 2441 1142 2526 gerendo
1156 2444 1187 2505 et
1199 2453 1220 2494 2⁵

181 2526 369 2611 deponendo
380 2526 431 2593 ius
446 2527 673 2613 utplurimum
687 2527 811 2592 valeret
822 2531 856 2592 et
864 2527 955 2614 fides,
967 2550 1144 2614 eorumque
1152 2533 1187 2593 ut

180 2615 301 2700 publici
319 2615 512 2701 interpretes
527 2619 644 2700 essent,
663 2617 735 2702 lege
750 2615 924 2682 sanximus.
956 2616 1027 2682 Iam
1041 2617 1082 2683 de
1095 2619 1187 2684 haru-

181 2703 306 2787 spicum
329 2704 500 2791 religione,
523 2703 562 2770 de
585 2703 823 2790 expiationibus
842 2709 882 2770 ‘et
903 2707 1186 2792 procurationibus

182 2793 234 2855 sat
248 2813 318 2857 esse
331 2792 427 2877 plane
440 2792 475 2858 in
487 2793 561 2878 ipsa
573 2793 646 2878 lege
660 2792 782 2858 dictum
795 2797 885 2878 puto.
914 2794 990 2861 Arr.
1003 2795 1186 2879 Adsentior,

181 2879 334 2961 quoniam
349 2881 454 2946 omnis
468 2881 548 2948 haec
561 2881 597 2948 in
609 2881 768 2967 religione
781 2887 931 2947 versatur
945 2884 1060 2948 oratio.
1083 2885 1133 2964 M.
1143 2884 1186 2948 nt
1198 2897 1220 2937 ³0

181 2986 257 3028 vero
287 2966 373 3048 quod
396 2969 555 3054 sequitur,
583 2991 646 3054 quo
669 2969 765 3036 modo
789 2973 847 3036 aut
868 2974 906 3036 tu
928 2970 1113 3037 adsentiare
1134 2978 1188 3037 cat

128 3065 163 3114 35
182 3072 242 3138 ego
264 3053 512 3141 reprehendam,
535 3079 613 3122 sane
636 3079 770 3142 quaero,
793 3057 876 3125 Tite.
911 3060 988 3127 Arc.
1011 3058 1097 3135 Quid
1119 3065 1185 3126 tan·

182 3141 268 3210 dem,
283 3140 317 3205 id
346 3142 419 3207 est?
463 3145 510 3209 M.
537 3145 587 3210 De
616 3146 783 3211 nocturnis
813 3148 978 3213 sacrificiis
1007 3147 1185 3214 mulierum.

179 3229 256 3294 ΑΜ.
279 3228 351 3314 Ego
378 3253 456 3298 vero
479 3233 658 3318 adsentior,
688 3237 821 3320 excepto
843 3237 1037 3320 praesertim
1059 3237 1095 3301 in
1116 3237 1186 3323 ipsa

179 3317 253 3401 lege
272 3318 423 3383 sollemni
441 3321 598 3387 sacrificio
617 3343 655 3388 ac
672 3322 812 3407 publico.
843 3325 892 3389 M.
911 3323 995 3400 Quid
1013 3345 1092 3410 ergo
1112 3330 1186 3411 aget
1198 3338 1221 3380 ³⁵

179 3403 313 3505 iacchus
336 3405 614 3494 Eumolpidaequo
640 3411 746 3475 vostri
771 3414 804 3476 et
827 3417 966 3500 augusta
988 3413 1047 3477 illa
1069 3419 1186 3498 myste

179 3511 237 3574 rra,
263 3492 422 3575 siquidem
447 3515 538 3562 racra
560 3501 720 3564 nocturna
742 3500 912 3567 tollimus?
934 3523 1000 3568 non
1023 3501 1111 3568 enim
1134 3526 1186 3589 po
