2478 3936
157 200 200 264 58
466 197 516 251 DE
534 197 686 251 NATURA
703 195 858 250 DEORUM

158 343 263 408 omnis
286 342 399 426 oritur,
421 342 450 406 is
474 346 584 406 autem
607 341 703 406 ardor
725 361 791 406 non
814 339 919 406 alieno
941 339 1083 424 inpulsu,
1108 339 1165 403 sed

158 453 217 495 sua
244 433 360 516 sponte
388 434 549 512 movetur,
577 430 703 494 animus
726 429 769 493 sit
791 449 921 494 necesse
949 431 1013 512 est3
1036 449 1076 492 ex
1100 449 1164 512 qno

158 518 297 584 efficitur
320 518 520 584 animantem
538 539 608 582 esse
626 517 790 582 mundum.
822 516 932 601 Atque
949 537 988 580 ex
1006 516 1069 581 hoc
1088 537 1165 599 quo

159 629 221 692 que
242 607 392 692 intellegi
412 607 535 691 poterit
554 606 589 669 in
606 627 644 670 eo
662 605 768 670 inesse
785 604 1055 690 intellegentiam,
1079 603 1166 688 quod

158 698 245 760 certe
268 699 319 760 est
341 695 479 760 mundus
502 694 617 758 melior
640 715 737 777 quam
759 693 829 758 nlla
849 697 975 757 natura.
1011 690 1060 756 Ut
1079 692 1166 756 enim
1191 708 1205 749 s

157 784 249 848 nulla
271 805 348 869 pars
372 786 422 847 cst
445 782 591 868 corporis
613 782 731 866 nostri,
759 803 841 866 quae
862 802 929 846 non
951 780 1088 846 minoris
1112 780 1166 864 sit,

158 894 256 956 quam
292 875 421 937 nosmet
456 871 520 954 ipsi
556 891 680 954 sumus,
717 868 763 935 sic
794 868 948 935 mundum
977 868 1167 934 universum

158 960 261 1044 pluris
285 981 356 1025 esse
372 980 503 1024 necesse
522 962 572 1023 est
590 979 687 1042 quam
705 961 833 1042 partem
852 957 994 1041 aliquam
1012 957 1166 1023 universi

158 1047 251 1124 Quod
274 1049 303 1113 si
319 1049 368 1114 ita
386 1051 445 1132 est,
469 1047 597 1133 sapiens
616 1046 660 1111 sit
678 1046 816 1111 mundus
834 1067 963 1111 necesse
982 1048 1041 1110 est.
1079 1043 1167 1109 Nam

157 1136 192 1202 ni
214 1136 262 1201 ita
289 1139 388 1220 esset,
410 1135 585 1220 hominem,
609 1135 664 1220 qui
687 1138 738 1200 est
761 1135 872 1199 mundi
898 1155 988 1219 pars,
1011 1133 1167 1218 quoniam
1182 1152 1205 1191 ιο

159 1224 295 1288 rationis
334 1228 385 1288 est
417 1224 594 1309 particeps,
631 1223 735 1308 pluris
772 1245 842 1289 esse
877 1244 975 1306 quam
1008 1222 1167 1287 mundum

104 1323 138 1373 83
158 1332 286 1376 omnem
313 1313 487 1396 oporteret.
533 1313 642 1395 Atque
665 1312 777 1396 etiam,
806 1312 834 1376 si
858 1333 878 1376 a
898 1310 1014 1396 primis
1035 1311 1167 1376 inchoa-

158 1399 266 1482 tisque
291 1397 418 1464 naturis
447 1398 488 1463 ad
515 1399 648 1464 ultimas
673 1400 896 1484 perfectasque
917 1400 1071 1465 volumus
1094 1421 1167 1483 pro

158 1487 282 1571 cedere,
310 1486 351 1552 ad
373 1486 507 1552 deorum
533 1491 683 1553 naturam
705 1489 930 1572 perveniamus
951 1508 1084 1553 neeesse
1107 1491 1166 1552 est.

157 1573 303 1640 Primum
331 1574 417 1640 enim
444 1576 732 1641 animadvertimus
760 1598 780 1641 a
800 1580 919 1641 natura
941 1576 1096 1641 sustineri
1119 1591 1206 1659 ca,1⁵

159 1683 240 1747 quae
270 1663 448 1750 gignantur
478 1686 495 1728 e
523 1669 624 1746 terra,
655 1664 771 1747 quibus
798 1668 917 1729 natura
942 1663 1026 1728 nihil
1049 1663 1167 1729 tribuit

158 1752 311 1836 amplius,
340 1774 438 1837 quam
460 1756 498 1817 ut
520 1775 559 1817 ea
581 1752 696 1817 alendo
720 1755 818 1836 atque
841 1751 987 1838 augendo
1010 1756 1167 1818 tueretur.

77 1849 140 1899 '84
157 1837 278 1904 Bestiis
307 1844 417 1904 autem
444 1861 574 1904 sensum
601 1843 635 1904 et
661 1842 786 1906 motum
814 1840 901 1905 dedit
928 1843 961 1904 et
988 1862 1062 1906 oum
1089 1862 1166 1924 quo
1228 1853 1229 1939 ,

158 1927 232 1992 dam
261 1926 407 2011 adpetitu
431 1948 595 1993 accessum
618 1927 733 1992 adres
758 1928 930 2011 salutares,
959 1950 979 1994 a
1001 1928 1166 2013 pestiferis

158 2036 333 2098 recessum3
355 2014 417 2080 hoc
435 2014 559 2080 homini
578 2015 728 2100 amplius,
748 2016 834 2100 quod
853 2016 976 2080 addidit
993 2017 1165 2099 rationem,
1180 2035 1206 2073 2⁰

159 2124 222 2185 qna
248 2106 439 2187 regerentur
462 2103 563 2168 animi
585 2104 762 2188 adpetitus,
791 2104 847 2187 qui
870 2108 940 2168 tum
962 2105 1166 2169 remitteren-

109 2189 219 2272 iecur,
242 2192 314 2254 tum
336 2191 585 2256 continerentur.
623 2189 764 2267 Quartus
787 2195 897 2256 antem
919 2192 1040 2278 gradus
1059 2196 1110 2256 est
1132 2197 1167 2257 et

158 2276 338 2342 altissimus
369 2299 493 2362 eorum,
524 2279 579 2363 qni
608 2282 727 2344 natura
755 2279 834 2344 boni
864 2279 1091 2365 sapientesque
1119 2281 1166 2366 gi·
1227 2311 1228 2316 ¹

158 2370 316 2450 gnuntur,
353 2366 469 2450 quibus
506 2389 526 2432 a
555 2367 715 2452 principio
747 2367 926 2433 innascitur
956 2367 1043 2434 ratio
1075 2373 1166 2434 recta
1227 2339 1228 2397 l

158 2457 382 2539 constansque,
406 2475 487 2538 quae
511 2475 610 2539 supra
627 2454 793 2521 hominem
808 2455 954 2540 putanda
973 2460 1023 2520 est
1042 2457 1165 2541 deoque
1180 2473 1205 2514 2⁵

157 2541 337 2626 tribuenda,
360 2542 394 2606 id
417 2546 467 2607 est
484 2542 612 2625 mundo,
634 2542 670 2606 in
688 2565 752 2627 quo
770 2565 900 2609 necesse
918 2547 969 2608 est
986 2544 1165 2630 perfectam

106 2639 140 2688 85
158 2627 252 2696 illam
275 2634 371 2714 atque
395 2631 580 2695 absolutam
602 2630 707 2695 inesse
729 2632 898 2696 rationem.
943 2630 1058 2716 Neque
1079 2635 1166 2698 enim

157 2715 220 2780 dici
243 2720 353 2801 potest
374 2718 409 2782 in
431 2718 500 2782 ulla
517 2739 625 2782 rerum
643 2718 848 2784 institutione
866 2741 933 2785 non
952 2741 1023 2784 esse
1042 2722 1166 2806 aliquid
1226 2749 1227 2760 ¹

157 2806 339 2870 extremum
366 2810 463 2888 atque
490 2805 686 2890 perfectum(
723 2805 770 2871 Ut
794 2807 878 2872 enim
901 2807 936 2872 in
958 2808 1038 2892 vita,
1071 2810 1167 2875 utin
1226 2795 1227 2855 l

156 2891 290 2974 pecude,
317 2891 382 2955 nisi
409 2915 489 2976 quae
516 2894 566 2958 vis
589 2894 732 2978 obstit't,
760 2895 906 2961 videmus
928 2900 1082 2962 naturam
1106 2919 1165 2963 suo
1180 2915 1205 2955 ³⁰

158 2977 299 3061 quodam
316 2978 432 3043 itinere
451 2981 492 3045 ad
509 2982 660 3046 ultimum
678 2983 855 3067 pervenire,
874 2987 972 3068 atque
985 2988 1023 3048 ut
1036 2986 1167 3070 pictura

159 3068 192 3130 et
219 3064 343 3130 fabrica
369 3070 557 3153 ceteraeque
580 3074 668 3135 artes
691 3070 814 3136 habent
837 3073 997 3155 quendam
1018 3074 1167 3140 absoluti

158 3153 265 3238 operis
294 3153 454 3239 effectum,
483 3157 586 3222 sicin
608 3158 697 3223 omni
717 3164 849 3244 natura,
877 3181 914 3226 ac
937 3162 1041 3227 multo
1064 3164 1165 3229 etiam
1225 3215 1226 3244 ,

160 3241 273 3327 magis,
295 3263 425 3309 necesse
448 3249 499 3310 est
521 3246 648 3310 absolvi
663 3245 794 3330 aliquid
817 3269 854 3312 ac
876 3249 995 3333 perfici.
1031 3249 1166 3316 Etenim
1225 3255 1226 3313 l

158 3329 273 3393 ceteris
296 3332 421 3396 naturis
445 3334 550 3398 multa
572 3337 713 3417 externa,
737 3356 800 3418 quo
820 3335 926 3399 minus
943 3337 1165 3423 perficiantur,
1179 3355 1205 3396 ³⁵

157 3420 294 3500 possunt
312 3417 478 3504 obsistere,
502 3419 686 3484 universam
705 3426 814 3487 autem
831 3427 983 3488 naturam
1000 3427 1096 3492 nulla
1113 3450 1165 3492 res

205 3505 209 3516 '
242 3507 266 3568 *t
293 3504 461 3590 impedire,
491 3509 665 3591 propterea
691 3509 778 3591 quod
804 3511 909 3575 omnis
932 3515 1068 3578 naturas
1092 3515 1166 3599 ipsa
