2476 3936
115 175 183 230 LlB.
202 177 223 233 l.
242 176 317 232 ouP.
336 183 380 244 46,
398 184 440 233 47.
459 185 474 245 5
490 185 531 248 70,
551 186 593 250 71,
612 180 755 252 ΡΒΑΘΜ.,
774 182 840 240 LIB.
855 184 889 239 Π.
908 183 990 244 ARG.
1011 187 1076 252 305

142 320 171 384 3.
198 320 280 385 Noa.
303 343 336 403 p.
361 324 435 388 526.
461 325 482 389 5
504 322 607 390 Cicero
634 327 670 390 cle
695 347 729 392 rc
749 326 835 408 publ.
862 327 912 394 uu.
938 329 976 394 I:
1008 329 1076 396 Nec

73 410 203 472 tantum
225 407 395 495 Karthago
423 410 590 477 habuisset
617 435 715 498 opum
743 420 906 482 sescentos
932 417 1000 482 fere
1024 441 1076 483 an-

73 517 134 561 nos
158 497 226 560 sine
249 498 391 563 consiliis
415 503 448 563 et
472 501 649 585 disciplina.

140 586 170 650 4.
198 585 280 651 Non.
303 609 338 669 p.
364 591 439 654 276.
465 591 486 654 5
515 591 563 654 M.
588 591 710 656 Tullius
738 593 774 657 de
801 614 835 658 re
859 594 943 676 publ.
967 594 1017 660 tib.
1038 595 1075 659 I:

49 672 276 759 sOognoscerc
299 675 488 762 mehercule,
510 676 625 762 inquit,
647 681 909 747 consuetudinem
927 683 1025 747 istam
1044 687 1077 749 et

72 761 217 826 studium
240 764 405 829 sermonis.
432 811 436 820 .

139 850 169 915 5.
192 851 333 916 Luctant.
355 853 427 918 inst.
449 856 508 920 div.
531 855 598 920 III
615 861 664 922 16.
684 858 705 921 5
727 857 801 923 Noa
823 878 892 941 erpo
913 860 1077 925 utilitatem

72 960 108 1004 ca
133 937 343 1024 philosophia,
374 943 428 1008 sed
453 943 675 1010 oblectationem
696 949 819 1028 petunt,
850 948 1077 1030 quodquidam

73 1027 176 1093 Cicero
200 1033 324 1094 acuas
342 1034 401 1095 est:
423 1029 583 1116 Profecto,
605 1033 714 1115 inquit,
737 1033 842 1098 omnis
860 1034 998 1100 istorum
1016 1035 1077 1100 dis·

40 1135 61 1174 10
72 1116 212 1201 putati0,
235 1137 430 1202 quamquam
453 1119 632 1185 uberrimos
652 1120 759 1186 fontes
777 1122 908 1187 virtutis
927 1126 960 1188 ct
979 1123 1077 1188 scien-

72 1205 138 1270 tiae
166 1205 323 1291 continct,
349 1209 460 1272 tamen
482 1209 602 1273 collata
625 1231 698 1275 cum
722 1231 833 1275 eorum
856 1211 935 1276 actis
957 1212 1077 1298 perfec-

33 1345 36 1352 i
72 1293 181 1378 iisque
203 1294 299 1358 rebus
322 1316 435 1360 vereor
457 1316 497 1360 nc
519 1318 586 1362 non
607 1301 736 1362 tantum
758 1299 905 1364 videatur
928 1301 1076 1366 attulisse

72 1381 198 1468 negotii
221 1381 414 1467 hominibus,
438 1389 593 1468 quantam
616 1386 874 1453 oblectationem.

140 1471 172 1536 6.
194 1471 374 1538 Arusianus
390 1473 526 1539 Messius
546 1475 670 1558 canapi.
688 1476 789 1541 eunt.
803 1497 836 1560 p.
851 1481 914 1542 216
936 1478 1075 1543 Lindon.

41 1577 61 1616 1⁵
74 1560 194 1624 Acuent
218 1559 258 1624 ab
283 1560 341 1626 illa
366 1581 401 1626 rc
422 1560 482 1628 uu.
510 1562 546 1627 cte
572 1583 606 1627 rc
625 1562 710 1645 publ.
738 1564 788 1628 uu
811 1564 848 1628 I:
880 1563 910 1627 A
935 1586 998 1648 qua
1019 1565 1076 1630 isti

73 1647 263 1714 avocabant.

320 2005 368 2078 u.
397 2004 557 2078 runnu
585 2004 830 2080 orouaosus

148 2181 153 2190 ’
216 2177 323 2278 DE
377 2181 482 2279 RE
537 2181 930 2280 PUBLIOA

367 2377 503 2437 LIBER
532 2376 780 2438 SECUNDUS.

520 2535 626 2543 ·—-.—.

428 2659 722 2720 Aaauuuuuuu.

142 2795 203 2850 Hoc
221 2794 293 2850 libro
303 2792 449 2850 Africanus
460 2792 573 2848 Catonis
587 2791 732 2847 confirmat
746 2791 920 2862 sententiam,
938 2793 1074 2850 Romano-

72 2884 133 2922 rum
146 2884 205 2922 rem
219 2865 362 2936 publicam
376 2863 476 2919 ceteris
491 2865 632 2934 praestare
647 2862 818 2933 civitatibus,
832 2864 972 2933 quodnon
981 2865 1074 2921 subito

72 2937 153 2992 unius
171 2935 294 2992 hominis
312 2934 436 3004 arbitrio,
455 2935 505 2990 sed
523 2933 707 3004 complurium
725 2933 857 3004 deinceps
875 2935 997 2991 virorum
1011 2951 1074 2991 con·

73 3008 150 3076 silio,
172 3006 293 3077 pietate,
311 3007 417 3062 virtius
435 3006 474 3061 sit
490 3005 651 3062 constituta.
689 3004 749 3070 Qua
766 3007 859 3060 mente
878 3009 995 3074 enarrat,
1015 3007 1074 3076 qui·

73 3079 125 3133 bus
142 3078 195 3134 illa
213 3076 313 3132 civitas
332 3077 466 3160 auspiciis
484 3076 633 3132 altomulo
653 3075 767 3131 condita
785 3075 822 3130 sit
835 3077 865 3131 et
879 3077 979 3146 quibus
991 3078 1074 3132 beus-

72 3149 151 3216 ficiis,
169 3149 276 3203 autibus
294 3147 498 3219 praesidiisque
516 3147 551 3203 ab
570 3146 669 3202 eodem
688 3146 843 3216 ceterisque
861 3147 973 3217 regibus
992 3149 1074 3202 aucta

72 3222 101 3274 et
122 3219 233 3274 finnata
256 3223 326 3290 (cap.
352 3223 448 3287 1-22)
471 3217 627 3287 tyrannidis
649 3216 798 3288 impatiens
821 3218 935 3272 taudem
959 3235 1073 3272 excusso

72 3289 217 3360 Tarquinii
234 3289 300 3359 iugo
319 3307 348 3345 se
367 3289 398 3344 in
411 3289 570 3344 libertatem
583 3287 769 3343 vindicaverit
782 3296 854 3358 (cap.
869 3293 1001 3369 2340..
1015 3288 1074 3342 Iam

72 3360 200 3432 exposita
221 3359 377 3428 tyrannidis
400 3361 499 3414 natura
521 3363 591 3430 (cap.
612 3365 654 3425 28,
673 3363 718 3428 29)
742 3358 836 3428 Scipio
859 3375 916 3414 non
933 3375 1073 3425 mmrmaa

71 3432 184 3500 qualem
201 3431 283 3486 Plato
302 3431 472 3502 cogItatione
490 3430 613 3496 finxerit,
635 3429 685 3484 sed
702 3429 851 3495 maximae,
871 3445 942 3498 quae
959 3445 989 3483 re
1007 3444 1074 3483 vera

71 3499 168 3571 fuerit,
191 3501 378 3557 Romanorum
401 3499 524 3558 civitatis
547 3499 697 3571 imaginem
715 3498 905 3554 adumbrando
922 3515 1024 3554 novam
1043 3515 1073 3554 sc

124 3599 181 3644 010.
194 3601 236 3643 IV.
250 3603 269 3644 2.
826 3593 861 3641 20
