2510 3936
148 197 215 263 426
540 193 762 251 oaaucmus

96 356 131 406 cr
150 343 280 408 doctum
315 341 481 407 hominem
513 362 604 423 sane,
640 341 731 407 cuius
761 340 824 406 fuit
855 339 975 406 Accius
1007 341 1160 428 perfami-

149 431 254 515 liaris,
278 430 334 496 sed
356 451 509 513 mensem,
532 429 636 513 oredo,
659 433 838 495 extremum
862 430 948 514 anni,
971 433 1010 495 ut
1031 435 1160 496 veteres

148 517 370 602 Februarium,
386 517 433 582 sic
450 518 504 583 hic
517 517 730 584 Decembrem
744 518 948 603 sequebatur.
971 517 1093 584 Hostia
1107 542 1161 584 au·

149 611 217 672 tem
235 606 375 672 maxima
392 609 564 691 parentare
582 605 716 690 pietatis
729 628 798 672 esse
810 605 1000 672 adiunctum
1010 610 1159 692 putabat.

96 669 140 796 5252
214 693 286 760 Iam
307 698 401 760 tanta
419 694 535 780 religio
555 697 604 759 est
624 695 877 780 sepulchrorum,
898 699 937 761 ut
955 699 1049 761 extra
1068 716 1184 762 sacras

149 787 182 849 et
205 787 336 870 gentem
357 782 471 850 inferri
487 783 539 848 fas
557 787 679 869 negent
697 805 775 868 esso,
796 783 893 867 idque
912 785 1000 870 apud
1018 785 1159 850 maiores

147 876 278 938 nostros
297 871 337 936 A.
355 871 539 956 Torquatus
562 871 597 936 in
616 875 713 957 gente
730 871 873 956 Popillia
889 871 1056 938 iudicavit.
1090 873 1159 939 Nec

147 982 225 1026 vero
247 965 318 1025 tarn
341 960 511 1044 denicales,
535 981 616 1044 quae
635 982 655 1025 a
672 981 750 1026 nece
768 961 953 1045 appellatae
972 964 1060 1046 sunt,
1084 962 1159 1047 quia

148 1049 331 1114 residentur
352 1049 500 1132 mortuis,
524 1070 621 1134 quam
644 1052 824 1114 ceterorum
847 1049 1038 1115 caelestium
1058 1051 1160 1136 quieti

149 1137 216 1202 dies
234 1137 358 1201 feriae
377 1138 631 1220 nominarentur,
648 1137 713 1202 nisi
732 1136 870 1203 maiores
890 1159 956 1221 eos,
974 1139 1031 1223 qui
1045 1161 1085 1204 ex
1098 1139 1160 1204 hac
1173 1159 1196 1196 10

146 1225 216 1290 rita
230 1226 436 1311 migrassent,
449 1226 484 1289 in
499 1224 631 1290 deorum
644 1245 779 1291 numero
794 1246 864 1290 esse
878 1226 1071 1292 voluissent.
1093 1227 1159 1292 Eas

147 1313 182 1376 in
204 1334 258 1378 eos
283 1313 350 1378 dies
373 1312 519 1378 conferre
541 1312 601 1397 ius,
624 1317 661 1379 ut
683 1335 741 1380 nec
763 1313 866 1398 ipsius
884 1335 989 1398 neque
1008 1316 1159 1400 publicae

146 1399 253 1474 feriae.
270 1400 348 1484 sint3
376 1403 510 1484 totaque
531 1401 628 1466 huius
651 1400 731 1467 iuris
755 1403 937 1487 conpositio
960 1403 1159 1488 pontificalis

147 1509 300 1574 magnam
323 1488 515 1574 religionem
538 1489 831 1575 caerimoniamque
855 1491 1008 1556 declarat.
1044 1491 1159 1576 Neque

146 1599 276 1642 necesse
300 1581 350 1642 est
374 1577 507 1642 edisseri
530 1601 549 1642 a
570 1578 676 1661 nobis,
700 1600 782 1663 quae
803 1577 878 1644 finis
896 1579 1047 1645 funestae
1065 1580 1159 1645 fami·
1172 1599 1195 1639 1⁵

146 1666 224 1750 liae,
249 1666 335 1750 quod
358 1687 459 1752 genus
483 1666 633 1732 sacrificii
654 1665 732 1732 Lari
754 1667 942 1733 vervecibus
965 1668 1038 1752 fiat,
1062 1691 1159 1752 quem

147 1754 187 1819 ad
214 1755 346 1820 modum
374 1776 410 1819 os
437 1758 599 1820 resectum
624 1757 713 1820 terra
736 1756 925 1841 obtegatur,
953 1779 1101 1842 quaeque
1124 1758 1160 1821 in

145 1863 246 1927 porca
276 1846 443 1928 contracta
471 1843 544 1908 iura
571 1843 649 1928 sint,
681 1864 744 1927 quo
772 1847 920 1930 tempore
947 1845 1084 1929 incipiat
1112 1867 1158 1910 sc

146 1931 317 2015 pulchrum
341 1951 411 1996 esse
435 1935 468 1995 et
490 1931 646 2016 religiono
668 1935 827 1997 tencatur.

94 2030 126 2078 ot
213 2019 260 2082 At
286 2018 368 2084 mihi
396 2019 525 2103 quidem
552 2019 815 2103 antiquissimum
843 2021 1030 2106 sepulturae
1054 2044 1156 2108 genus
1170 2041 1194 2080 2⁰

144 2106 228 2170 illud
244 2105 345 2171 fuisse
365 2107 501 2191 videtur,
520 2128 583 2190 quo
604 2108 690 2193 apud
706 2107 956 2192 Xenophontem
973 2109 1078 2194 Cyrus
1095 2112 1157 2176 uti-

144 2198 213 2276 tur3
235 2193 380 2258 redditur
403 2195 488 2258 enim
511 2199 616 2262 terrae
640 2217 755 2280 corpus
780 2197 880 2262 etita
898 2197 1042 2263 locatum
1061 2223 1099 2264 ac
1116 2200 1156 2264 si·

145 2284 216 2344 tum
231 2281 324 2364 quasi
338 2282 538 2365 operimento
553 2284 667 2350 matris
683 2285 862 2350 obducitur.
889 2285 1077 2370 Eodemque
1090 2288 1157 2353 ritu

144 2367 180 2434 in
196 2390 233 2434 eo
245 2369 426 2455 sepulchro,
441 2371 741 2457 quodbaodproeul
752 2371 895 2438 aFontis
904 2396 962 2439 ara
971 2380 1031 2460 est,
1044 2397 1155 2462 regem

143 2460 292 2523 nostrum
302 2457 444 2524 Numam
458 2459 623 2524 eonditum
638 2462 819 2546 accepimus
834 2465 1029 2548 gentemque
1039 2462 1156 2530 Corne
1168 2483 1193 2524 rs

143 2544 222 2610 liam
241 2567 343 2630 usque
357 2547 398 2612 ad
412 2547 603 2612 memoriam
616 2552 763 2615 nostram
776 2550 838 2615 hac
853 2552 1022 2635 sepultura
1036 2552 1155 2618 scimus

145 2655 214 2698 essc
233 2656 334 2700 usam.
371 2633 405 2700 O.
423 2635 519 2700 Marii
538 2636 618 2703 sitas
638 2637 792 2721 reliquias
811 2639 899 2722 apud
913 2639 1076 2724 Anienem
1094 2641 1155 2706 dis·

145 2722 245 2807 sipari
263 2723 359 2788 iussit
374 2721 588 2796 Sullavictor
606 2726 770 2791 acerbiore
785 2727 859 2791 odio
872 2727 1038 2813 incitatus,
1057 2752 1155 2815 quam

91 2812 172 2874 orsi
204 2816 269 2875 tara
301 2812 429 2897 sapiens
456 2811 586 2898 fuisset,
619 2835 717 2897 quam
742 2813 806 2878 fuit
833 2815 1015 2880 vehemens.
1062 2817 1155 2893 Quod
1248 2845 1249 2876 i

143 2897 231 2961 haud
259 2899 325 2964 scio
354 2921 395 2964 an
422 2900 541 2965 timens
567 2920 607 2966 ac
633 2923 692 2967 suo
720 2902 847 2988 corpori
874 2908 988 2988 posset
1010 2906 1154 2971 accidere
1167 2926 1192 2964 a

143 2985 268 3070 primus
293 3007 310 3049 e
333 2987 479 3071 patriciis
504 2987 662 3054 Corneliis
685 2990 755 3075 igni
777 2991 883 3056 voluit
905 2993 1051 3058 cremari.
1092 2993 1154 3059 De

144 3073 247 3138 clarat
276 3073 361 3138 enim
387 3073 512 3141 Ennius
540 3077 578 3142 de
606 3077 774 3144 Africano:
805 3077 892 3145 ‘Hie
919 3085 978 3145 est
1004 3081 1076 3146 ille
1104 3082 1154 3147 si·

143 3159 231 3226 tus'.
276 3159 373 3246 Verc3
405 3183 482 3228 nem
511 3165 580 3228 siti
607 3166 756 3232 dicuntur
777 3167 814 3251 ii,
845 3167 901 3250 qui
923 3168 1047 3249 conditi
1070 3175 1153 3235 sunt.
1248 3241 1249 3254 χ

143 3245 213 3313 Nec
240 3253 351 3314 tamen
378 3273 489 3316 eorum
516 3257 592 3318 ante
616 3254 822 3340 sepulchrum
850 3259 913 3339 est,
944 3278 1043 3340 quam
1065 3258 1154 3325 iusta

143 3334 232 3400 facta
258 3340 291 3400 et
312 3361 429 3422 porcus
453 3361 564 3404 caesus
589 3345 647 3407 est.
692 3343 737 3408 Et
760 3343 845 3428 quod
868 3365 954 3410 nunc
977 3349 1191 3414 communi-es

143 3423 195 3486 ter
218 3423 253 3487 in
271 3426 420 3491 omnibus
440 3428 576 3512 sepultis
594 3431 684 3495 venit
702 3453 772 3516 usu,
791 3437 828 3496 at
843 3432 970 3498 humati
994 3433 1153 3521 dicantur,
1248 3453 1249 3520 j

143 3508 178 3570 id
201 3515 271 3575 erat
293 3515 459 3598 proprium
483 3519 554 3579 tum
575 3516 610 3580 in
633 3518 682 3602 iis,
706 3541 786 3602 quos
805 3520 923 3587 humus
941 3522 1061 3588 iniecta
1080 3547 1154 3590 con·

1125 3781 1134 3790 “
1248 3775 1249 3808 l
