2510 3936
146 210 214 275 430
538 209 586 262 ns
605 205 760 261 recisus

146 355 246 440 plius,
266 375 360 432 quam
382 375 426 418 ne
447 353 531 431 quis
554 373 597 415 ea
616 351 743 416 deleat
776 371 868 416 neve
899 350 1072 415 alienum
1103 350 1160 415 in·
1234 417 1237 425 ,

146 443 263 527 ferat,
295 462 463 528 poenaque
495 444 558 523 est,
596 441 632 505 si
665 439 763 523 quis
794 440 972 503 bustum
1007 435 1099 524 (nam
1125 439 1160 503 id
1246 418 1247 496 l

147 536 228 618 puto
260 530 419 615 appellari
450 525 593 615 τύμβον)
626 532 691 593 aut
723 527 1015 611 monimentum,
1041 527 1160 611 inquit,
1246 501 1247 588 l

148 623 213 685 aut
236 619 450 684 columnam
472 616 649 701 violarit,
676 617 853 700 laeserit,
880 615 1063 702 fregerit.
1097 613 1160 680 Sed
1237 659 1242 672 .

147 711 223 794 post
242 705 409 790 aliquanto
427 709 562 790 propter
580 704 640 769 has
655 704 885 788 amplitudines
900 704 1158 790 sepulchrorum,
1171 725 1184 766 ⁵

148 817 228 881 quas
247 795 281 860 in
299 793 465 859 Ceramico
483 793 638 877 videmus,
661 794 734 878 lege
753 796 901 858 sanctum
920 796 980 877 cst,
1002 815 1049 856 ne
1074 792 1159 878 quis

148 883 394 969 sepulchrum
420 881 568 946 faceret
596 881 812 966 operosius,
840 902 951 965 quam
975 881 1078 966 quod
1101 881 1159 946 de·
1232 935 1248 972 „

95 982 128 1031 c5
148 995 226 1038 cem
258 971 432 1036 homines
460 969 666 1035 effecerint
693 969 837 1054 tridu03
868 990 972 1054 neque
999 969 1035 1032 id
1063 991 1159 1054 opere

146 1060 284 1126 tectorio
308 1059 457 1125 exornari
478 1079 536 1124 nec
558 1057 699 1142 hermas,
721 1079 804 1141 quos
821 1061 949 1141 vocant,
972 1057 1096 1123 licebat
1114 1058 1160 1122 in-

147 1150 238 1235 poni,
263 1170 323 1214 nec
348 1147 387 1212 de
410 1146 531 1211 mortui
554 1145 649 1210 laude
670 1145 735 1210 nisi
756 1145 793 1210 in
814 1145 955 1231 publicis
979 1147 1159 1231 sepulturis
1173 1170 1196 1209 a

146 1259 205 1302 uec
228 1237 270 1302 ab
294 1236 368 1319 alie,
390 1235 454 1298 nisi
478 1234 533 1318 qui
555 1234 685 1318 publice
708 1234 750 1298 ad
773 1255 845 1298 eam
867 1256 938 1300 rem
958 1235 1158 1300 constitutus

147 1328 246 1408 esset,
275 1324 339 1389 dici
365 1323 493 1387 licebat.
538 1319 676 1387 Sublata
699 1322 799 1386 etiam
823 1327 894 1387 erat
915 1323 1092 1388 celebritas
1114 1324 1159 1389 vi·
1248 1327 1249 1406 3

147 1434 257 1477 rorum
277 1432 315 1477 ac
333 1410 514 1493 mulierum,
536 1432 600 1494 quo
619 1411 812 1477 lamentatio
831 1411 1047 1494 minueretur3
1069 1417 1160 1495 caper
1247 1419 1249 1496 j

95 1510 128 1558 66
148 1501 232 1566 enirn
260 1500 383 1566 luctum
411 1519 584 1564 concursus
606 1500 785 1565 hominum.
830 1497 987 1575 Quocirca
1009 1499 1157 1566 Pittacus

147 1589 280 1654 omnino
307 1588 457 1654 accedere
485 1609 679 1672 quemquam
707 1591 798 1653 vetat
824 1588 860 1652 in
885 1588 1194 1655 funusaliorum.1a

147 1675 210 1743 Sed
236 1678 284 1743 ait
310 1698 421 1742 rursus
449 1676 534 1741 idem
556 1676 743 1742 Demetrius
769 1677 985 1742 increbruisse
1014 1699 1089 1743 eam
1110 1678 1157 1743 fu-
1249 1681 1250 1758 l

72 1839 78 1849 ,
145 1787 260 1831 nerum
274 1765 581 1850 sepulchrorumque
595 1765 879 1851 magnificentiam,
893 1788 976 1850 quac
989 1788 1076 1832 nunc
1089 1766 1156 1831 fere
1249 1763 1250 1818 Ῐ

146 1853 269 1920 Romae
302 1858 364 1939 est3
396 1874 493 1938 quam
526 1854 789 1919 consuetudinem
822 1856 894 1941 lege
927 1854 1046 1919 minuit
1073 1856 1156 1941 ipse,

146 1941 209 2006 fuit
233 1943 318 2008 enim
340 1943 393 2008 hic
415 1943 479 2027 vir,
502 1946 539 2007 ut
562 1942 666 2026 scitis,
688 1963 754 2008 non
777 1944 884 2008 solum
907 1942 1155 2026 eruditissimus,

148 2031 204 2096 sed
226 2031 325 2096 etiam
349 2031 427 2096 civis
451 2053 469 2095 e
491 2053 526 2096 re
548 2031 678 2116 publica
701 2030 841 2096 maxime
859 2032 1062 2116 tuendaeque
1081 2031 1154 2098 eivi-
1168 2053 1193 2092 ro
1250 2085 1251 2102 1

146 2119 226 2182 tatis
249 2119 475 2203 peritissimus
510 2118 545 2182 Is
567 2119 670 2205 igitur
692 2124 858 2204 sumptum
879 2120 999 2185 minuit
1020 2143 1090 2186 non
1107 2142 1154 2185 so
1250 2159 1251 2204 p

147 2206 215 2270 lum
233 2226 346 2290 poena,
365 2206 421 2270 sed
440 2206 539 2270 etiam
557 2211 718 2293 tempore3
737 2211 812 2273 ante
831 2209 936 2273 lucem
955 2209 1042 2273 enim
1060 2209 1155 2273 iussit
1250 2217 1251 2264 ἐ

147 2293 262 2360 efferri.
307 2290 493 2380 Sepulchris
521 2299 629 2360 autem
652 2295 745 2362 novis
768 2296 874 2362 finivit
897 2297 1045 2380 modum;
1077 2319 1155 2362 nam

147 2404 243 2468 super
265 2387 373 2448 terrae
395 2383 557 2448 tumulum
579 2384 685 2448 noluit
708 2384 880 2470 quicquam
901 2386 1004 2450 statui
1021 2386 1087 2450 nisi
1105 2408 1154 2452 co

145 2472 313 2537 lumellam
340 2472 445 2537 tribus
469 2471 586 2537 cubitis
610 2494 650 2536 ne
674 2471 824 2537 altiorem
847 2477 904 2538 aut
927 2495 1074 2539 mensam
1099 2478 1154 2539 aut
1168 2493 1194 2533 ar»

146 2560 302 2625 labellum
338 2563 372 2626 et
406 2560 481 2626 huic
514 2560 736 2645 procurationi
767 2565 889 2626 certum
923 2561 1154 2646 magistratum

145 2647 354 2733 praefecerat.
841 2723 842 2726 Ἴ

94 2715 133 2841 ci
211 2734 301 2802 Haec
328 2736 432 2823 igitur
455 2736 671 2802 Athenienses
698 2738 755 2802 tui.
801 2735 864 2802 Sed
890 2738 1059 2804 videamus
1081 2740 1155 2806 Pla·

145 2827 265 2907 tonem,
289 2825 344 2908 qui
366 2825 453 2890 iusta
470 2826 620 2890 funerum
639 2825 732 2891 reicit
750 2826 791 2890 ad
809 2827 1004 2912 interpretes
1023 2829 1155 2914 religio

144 2931 236 2995 num3
254 2932 350 2995 quem
367 2934 428 2977 nos
447 2936 570 2979 morem
588 2917 744 2978 tenemus.
775 2914 826 2980 De
844 2915 1024 3000 sepulchris
1044 2922 1154 2982 autem
1167 2935 1193 2976 ³⁰

146 2997 225 3063 dicit
246 2998 340 3064 hacc:
367 3004 458 3066 vetat
481 3024 519 3067 ex
542 3024 622 3089 agro
646 3002 734 3068 culto
758 3024 850 3088 eove,
873 3004 929 3088 qui
952 3004 1017 3070 coli
1038 3007 1154 3090 possit,

144 3087 246 3152 ullam
273 3090 402 3172 partem
430 3090 514 3156 sumi
542 3091 727 3176 sepulchro,
755 3091 812 3156 sed
835 3114 916 3176 quac
938 3095 1059 3157 natura
1082 3095 1154 3180 agri

144 3178 273 3241 tantum
301 3176 396 3242 modo
425 3177 551 3244 efficere
577 3179 695 3264 possit,
725 3183 763 3244 ut
789 3184 992 3246 mortuorum
1015 3203 1154 3266 corpora

145 3263 214 3328 sine
241 3263 435 3331 detrimento
462 3266 610 3332 vivorum
638 3267 787 3352 recipiat,
816 3291 855 3335 ea
880 3269 1090 3354 potissimum
1118 3274 1154 3335 ut

145 3353 348 3437 conpleatur,
376 3376 458 3438 quae
486 3357 595 3419 autem
617 3360 706 3420 terra
727 3355 840 3442 fruges
862 3357 947 3422 ferre
970 3360 1003 3420 et
1025 3361 1065 3421 ut
1087 3380 1153 3424 ma·
1167 3375 1192 3417 sa

144 3442 195 3503 ter
222 3441 311 3504 cibos
340 3440 545 3526 suppeditare
573 3443 691 3527 possit,
719 3465 791 3510 eam
818 3467 858 3509 ne
882 3445 954 3528 quis
976 3445 1072 3509 nobis
1096 3447 1155 3510 mi-

92 3531 224 3591 renuat
250 3547 331 3593 neve
357 3527 451 3592 vivos
477 3549 557 3593 neve
584 3533 740 3596 mortuos.
784 3531 901 3599 Extrui
929 3536 1038 3598 autem
1061 3538 1155 3600 vetat
