2452 3938
164 199 229 264 222
511 197 561 252 ΒΕ
578 195 820 252 DIVINATIONE

164 341 305 408 deamus.
350 340 502 407 Difficilis
530 341 648 428 auguri
671 341 762 406 locus
793 339 834 405 ad
856 338 1171 405 contradicendum
1209 417 1210 420 Ἴ

163 429 273 495 Marso
299 428 455 513 fortasse,
484 428 541 494 sed
568 429 715 494 Romano
741 429 938 494 facillumus.
982 426 1062 492 Non
1089 427 1172 492 enim

165 538 275 582 sumus
298 516 322 580 ii
344 539 404 582 nos
428 538 576 603 augures,
599 518 655 601 qui
679 517 788 582 avium
806 515 1049 600 reliquorumve
1069 515 1173 600 signo

164 627 237 669 rum
255 605 481 670 observatione
499 604 611 670 futura
629 604 782 670 dicamus.
812 603 859 669 Et
875 608 987 670 tamen
1000 602 1100 668 credo
1115 603 1173 667 Ro
1209 647 1210 650 κ

164 693 301 777 mulum,
329 693 385 776 qui
411 693 524 757 urbem
552 693 718 778 auspicato
741 692 898 776 condidit,
929 691 1088 757 habuisse
1112 691 1173 775 opi·
1195 691 1210 768 ⁵}

163 781 293 846 nionem
314 787 386 845 ¹esse
408 781 444 846 in
465 780 670 866 providendis
689 781 786 846 rebus
805 781 986 866 augurandi
1004 779 1173 845 scientiam

166 869 310 955 (errabat
337 869 423 933 enim
451 868 563 933 multis
586 869 621 932 in
642 869 738 932 rebus
763 865 970 953 antiquitas),
1000 890 1104 953 quam
1125 867 1174 932 vel

164 979 225 1022 usu
253 957 320 1022 iam
346 958 399 1022 vel
427 956 647 1022 doctrinave]
670 960 833 1021 vetustate
856 956 1071 1021 immutatam
1094 955 1174 1020 vide

165 1067 250 1128 mus3
282 1045 440 1110 retinetur
470 1048 578 1110 autem
608 1047 641 1109 et
671 1043 712 1108 ad
739 1044 925 1129 opinionem
951 1044 1047 1130 uulgi
1077 1047 1111 1108 et
1138 1043 1174 1107 ad
1209 1101 1210 1110 ,

165 1154 301 1218 magnas
324 1133 485 1198 utilitates
505 1133 553 1196 rei
570 1131 720 1217 publicae
739 1153 820 1216 mos,
842 1132 969 1218 religio,
993 1121 1210 1217 disciplinari

113 1236 146 1286 71
165 1220 216 1284 ius
239 1222 422 1304 augurium,
445 1221 577 1305 collegii
595 1220 781 1285 auotoritas.
818 1218 887 1285 Nec
903 1241 982 1285 uero
1001 1241 1073 1285 non
1091 1219 1173 1284 omni

70 1356 72 1361 -
165 1307 324 1392 supplicio
346 1308 436 1392 digni
449 1307 484 1372 P.
499 1306 653 1373 Claudius
671 1306 705 1372 L.
719 1305 831 1372 Iunius
850 1307 1009 1390 consules,
1029 1308 1089 1392 qui
1107 1329 1174 1373 con·

165 1504 224 1548 nec
245 1483 371 1567 patrius
395 1505 465 1548 mos
489 1487 559 1550 tam
582 1483 815 1549 contumaciter
837 1483 1069 1569 repudiandus.
1105 1482 1173 1547 Iure

165 1571 268 1656 igitur
287 1571 371 1636 alter
387 1572 501 1656 populi
519 1571 637 1636 iudicio
657 1572 829 1637 damnatus
848 1575 906 1654 est,
930 1572 1016 1636 alter
1035 1575 1202 1636 mortem1⁵

167 1659 229 1724 sibi
247 1660 317 1744 ipse
335 1660 500 1725 conscivit.
531 1658 710 1724 Flaminius
728 1681 794 1724 non
809 1660 919 1744 paruit
934 1660 1103 1745 auspiciis,
1120 1660 1173 1723 ita·

167 1769 228 1832 que
250 1747 348 1833 periit
370 1770 443 1813 cum
463 1748 612 1812 exercitu.
649 1747 696 1811 At
714 1768 798 1812 anno
816 1751 892 1832 post
909 1747 1032 1812 Paulus
1054 1746 1173 1833 paruit;

166 1857 245 1900 num
272 1833 378 1900 minus
402 1835 517 1901 cecidit
538 1835 574 1900 in
596 1833 757 1901 Cannensi
778 1855 890 1920 pugna
913 1858 986 1901 cum
1010 1833 1171 1900 exercitu?

166 1921 308 2007 Etenim,
329 1927 367 1988 ut
389 1925 455 1988 sint
478 1923 630 2008 auspicia,
654 1945 735 2006 quae
758 1923 851 1988 nulla
873 1927 959 2007 sunt,
980 1924 1065 1989 haec
1084 1926 1172 2002 certe,
1209 1981 1210 1986 ,

168 2011 284 2094 quibus
306 2011 442 2096 utimur,
465 2011 532 2076 siue
554 2010 696 2094 tripudio
720 2010 788 2075 sive
812 2011 850 2076 de
873 2012 976 2094 caelo,
1000 1987 1210 2077 simulacraul

115 2101 158 2166 34
168 2101 244 2162 sunt
267 2099 497 2183 auspiciorum,
520 2098 664 2183 auspicia
685 2099 776 2164 nullo
800 2098 905 2163 mode.
951 2097 986 2174 Q.
1010 2117 1109 2184 rani,
1131 2113 1170 2162 'ra

166 2202 244 2250 nnn
265 2203 303 2250 ru
326 2203 484 2252 rusr1c1o
507 2203 590 2252 assu
608 2203 715 2270 voco,
738 2186 923 2271 respondet:
946 2204 1083 2253 aomvr.
1114 2185 1170 2251 Hic

168 2272 254 2358 apud
280 2274 419 2338 maiores
446 2279 576 2340 nostros
600 2274 815 2338 adhibebatur
835 2275 974 2359 peritus,
997 2297 1086 2342 nunc
1109 2273 1170 2359 qui·

167 2361 266 2426 lubet.
307 2359 453 2426 Peritum
481 2366 590 2428 autem
613 2383 683 2426 esse
704 2383 834 2427 necesse
858 2366 1017 2446 osteum,
1041 2364 1112 2448 qui,
1134 2360 1170 2425 si-

167 2449 304 2515 lentium
328 2450 405 2533 quid
427 2451 480 2534 sit,
501 2450 687 2535 intellegat3
709 2449 743 2514 id
765 2451 852 2514 enim
874 2450 1079 2516 silentium
1102 2448 1198 2514 dici-u

117 2551 149 2601 ‘12
168 2559 240 2602 mus
263 2538 298 2602 in
321 2537 483 2622 auspiciis
506 2537 592 2621 quod
615 2539 703 2602 omni
725 2537 806 2603 vitio
826 2541 922 2603 caret.
957 2537 1031 2603 Hoc
1049 2538 1169 2604 intelle

169 2646 244 2711 gere
266 2625 401 2711 perfecti
419 2626 552 2711 auguris
571 2628 634 2708 est3
656 2625 707 2690 illi
726 2629 843 2709 autem,
866 2627 922 2709 qui
940 2626 975 2689 in
993 2627 1168 2712 auspicium

169 2714 349 2797 adhibetur,
368 2735 440 2779 eum
454 2714 502 2778 ita
514 2713 687 2799 imperavit
700 2713 738 2798 is,
755 2714 1024 2798 qui‘auspicatur:
1043 2730 1168 2793 memo,

168 2816 213 2872 SI
233 2818 421 2867 sinaurruru
444 2817 526 2868 assa
549 2819 754 2883 vmaamua,
780 2822 840 2867 nec
867 2802 1002 2885 suspicit
1029 2824 1090 2868 nec
1116 2801 1167 2866 cir·

169 2888 352 2973 cumspicit3
375 2889 488 2954 statim
510 2890 683 2975 respondet
707 2888 908 2954 silentium
931 2911 1014 2954 esse
1037 2887 1210 2955 videris,

169 2975 252 3040 Tum
279 2975 348 3039 ille:
375 2992 510 3060 n1c1ro,
537 2994 568 3042 s1
590 2993 801 3043 rascaurua.
825 3013 867 3024 -
889 2975 1107 3043 Pascuurua.
1128 3009 1165 3024 ω

169 3063 257 3140 Quae
280 3064 379 3128 aues?
407 3067 463 3128 aut
485 3064 563 3129 ubi?
594 3063 727 3148 Attulit,
749 3065 863 3149 inquit,
886 3065 921 3128 in
943 3087 1042 3130 cauea
1063 3065 1165 3151 pullos
1191 3087 1194 3092 ·

168 3154 210 3236 is,
240 3151 295 3237 qui
325 3173 364 3217 ex
393 3173 431 3216 eo
460 3151 532 3236 ipso
559 3152 744 3217 nominatur
771 3152 939 3237 pullarius.
984 3151 1074 3218 Haec
1097 3153 1165 3217 sunt

168 3242 270 3327 igitur
297 3263 372 3306 aues
394 3240 612 3305 internuntiae
633 3239 734 3305 Iovis!
763 3262 844 3325 quae
866 3243 1042 3325 pascantur
1063 3260 1164 3318 necne,
1209 3281 1210 3294 ,

169 3329 246 3413 quid
262 3328 384 3394 refert?
416 3326 508 3392 Nihil
527 3327 568 3392 ad
586 3328 742 3413 auspicia3
766 3328 822 3393 sed
840 3329 924 3413 quia,
947 3350 1019 3393 oum
1037 3348 1163 3413 pascun·
1174 3333 1210 3400 ⁸⁵,

168 3418 236 3499 tur,
262 3411 392 3482 necesse
419 3418 469 3480 est
497 3413 619 3496 aliquid
641 3437 680 3481 ex
704 3437 758 3481 ore
781 3415 893 3482 cadere
916 3420 950 3481 et
972 3419 1093 3480 terram
1114 3437 1162 3500 pa·
1209 3409 1210 3466 l

168 3501 237 3566 vire
259 3500 484 3587 (terripavium
506 3501 620 3585 primo,
642 3507 718 3587 post
734 3505 949 3590 terripudium
968 3503 1089 3570 dictum
1106 3505 1162 3582 est,
1209 3539 1210 3542 =
