2458 3934
282 179 350 234 ΗΒ.
368 179 402 236 Π,
426 179 501 234 οΑΡ.
522 185 634 234 11—14.
653 184 668 246 a
687 184 801 235 ar-aa.
979 181 1043 246 207

56 343 124 404 quas
155 325 242 386 terra
272 325 432 407 procreet,
464 321 517 387 vel
548 322 732 388 ubertatem
759 324 811 388 vel
839 323 1046 408 tenuitatem3

56 408 269 474 salubritatem
298 410 396 475 etiam
427 413 483 475 aut
509 410 729 495 pestilentiam
757 411 839 475 extis
868 411 1046 498 significari

55 501 143 580 putat.
189 497 216 562 Ο
248 499 421 563 mortalem
452 498 597 563 beatum!
634 499 685 563 eui
717 503 805 565 certo
834 497 900 564 seio
932 500 1044 566 ludum

54 606 217 670 numquam
244 585 396 670 defuisse3
422 585 559 651 huncine
587 585 752 663 hominem
778 586 880 653 tantis
908 587 1045 654 delecta·

35 676 112 737 stum
137 695 208 738 esse
231 673 340 760 nugis,
367 676 492 738 utnon
513 673 637 739 videret
660 678 731 739 tum
752 673 899 740 futurum
920 675 954 740 id
976 675 1047 741 veri

54 760 160 845 simile,
192 761 220 826 si
248 761 392 826 omnium
418 761 574 848 pecudum
602 766 677 828 exta
703 763 815 828 eodem
839 767 984 848 tempore
1011 764 1046 828 in

54 849 174 913 eundem
211 848 361 922 habitum
392 869 427 914 se
459 850 661 934 coloremque
686 851 938 916 converterent?
983 849 1046 916 Sed

54 937 76 999 si
95 936 203 1001 eadem
226 936 308 1001 hora
332 936 414 1001 aliae
437 937 566 1022 pecudis
590 937 677 1003 iecur
698 937 838 1002 nitidum
861 940 957 1022 atque
980 939 1046 1022 ple-

52 1045 117 1088 num
138 1028 203 1109 est,
232 1025 314 1090 aliae
337 1023 504 1089 horridum
526 1025 678 1109 etexile,
701 1025 778 1108 quid
801 1029 863 1109 est,
886 1025 973 1109 quod
995 1026 1046 1090 dc

27 1112 157 1178 uclarari
179 1112 287 1198 possit
309 1112 423 1177 habitu
447 1116 594 1177 extorum
617 1116 649 1178 et
672 1113 802 1178 colore?
825 1135 867 1178 an
884 1113 946 1179 hoe
964 1113 1045 1178 eius·
1063 1129 1096 1181 31

53 1199 119 1264 dem
138 1200 229 1264 modi
252 1204 315 1284 est,
345 1200 440 1284 quale
462 1199 700 1284 Pherecydeum
722 1199 817 1285 illud,
844 1202 930 1286 quod
953 1206 1004 1266 est
1027 1224 1047 1267 a

12 1367 13 1372 ἵ
52 1287 235 1353 tediatum?
259 1288 314 1372 qui
333 1310 405 1352 eum
423 1311 541 1373 aquam
559 1310 598 1353 ex
617 1293 716 1374 puteo
733 1289 869 1355 vidisset
884 1290 1046 1375 haustam,

52 1379 287 1441 terraemotum
306 1375 387 1440 dixit
400 1375 554 1440 futurum.
576 1374 705 1460 Pomm,
723 1377 827 1462 credo,
844 1377 1046 1463 inpudenter,

53 1465 134 1548 quod,
153 1486 230 1530 oum
247 1463 353 1528 faetus
372 1467 422 1528 est
441 1467 557 1547 motus,
576 1463 679 1529 dicere
699 1465 826 1549 audent,
845 1487 927 1549 quae
944 1466 994 1531 vis
1012 1467 1047 1531 id

25 1567 42 1604 ¹⁵
52 1551 194 1636 effecerit3
215 1551 355 1616 etiamne
373 1550 518 1616 futurum
537 1573 606 1616 esse
621 1573 722 1636 aquae
736 1552 821 1638 iugis
835 1554 942 1618 colore
956 1575 1046 1638 prae·
1078 1619 1084 1628 x

52 1640 206 1708 sentiunt?
244 1638 350 1704 Multa
371 1637 466 1724 istius
490 1639 577 1704 modi
600 1639 749 1703 dicuntur
771 1639 806 1704 in
829 1640 963 1725 scholis,
990 1641 1047 1705 sed

52 1728 166 1792 credere
195 1727 307 1793 omnia
332 1726 404 1792 ride
431 1749 471 1792 ne
498 1749 564 1793 non
592 1726 635 1791 sit
656 1747 795 1793 necesse.
835 1726 958 1792 Verum
981 1728 1099 1792 sintae

52 1836 116 1880 sane
142 1816 211 1882 ista
233 1814 439 1880 Democritea
465 1837 555 1899 vera3
583 1814 710 1899 quando
740 1835 778 1879 ea
803 1836 864 1879 nos
891 1815 974 1880 extis
997 1837 1047 1879 ex-

51 1903 223 1986 quirimus?
247 1907 304 1968 aut
327 1902 453 1987 quando
478 1903 600 1987 aliquid
623 1902 691 1968 eius
710 1902 798 1968 modi
817 1903 858 1968 ab
876 1902 1047 1988 haruspice

12 1990 194 2076 ¹winspeetis
225 1990 307 2056 extis
335 1989 538 2056 audivimus?
575 1990 627 2055 Ab
651 2012 735 2075 aqua
758 1994 815 2056 aut
838 1991 879 2056 ab
902 1991 972 2078 igni
994 2013 1047 2076 pe

50 2079 141 2144 ricula
169 2082 318 2161 monent,
349 2082 419 2142 tum
446 2077 656 2162 hereditates,
687 2083 757 2143 tum
787 2078 905 2144 damna
931 2079 1048 2144 denun-

50 2166 137 2251 tiant,
159 2168 277 2232 fissum
294 2165 455 2231 familiare
474 2170 506 2231 et
523 2165 624 2230 vitale
642 2170 800 2250 tractant,
817 2171 915 2254 caput
932 2167 1047 2234 iecoris

50 2275 81 2317 ex
105 2256 196 2320 omni
223 2257 316 2340 parte
345 2253 593 2341 diligentissime
616 2255 834 2338 considerant3
863 2256 891 2320 si
914 2277 991 2321 vero
1014 2255 1046 2320 id

50 2361 106 2406 uon
129 2348 182 2408 est
205 2343 387 2426 inventum,
413 2341 495 2406 nihil
518 2346 636 2427 putant
659 2341 800 2408 accidere
822 2343 968 2428 P⁰¹⁵¹lisse
990 2343 1046 2408 ω’
1058 2401 1100 2465 14

22 2430 131 2496 scius.
172 2429 264 2495 Haec
287 2429 453 2494 observari
476 2434 562 2494 certe
583 2451 650 2495 non
672 2433 861 2514 potuerunt,
888 2433 925 2493 ut
949 2452 1047 2514 supra
1065 2479 1100 2527 33

51 2515 142 2584 docui.
190 2517 273 2584 Sunt
299 2517 401 2603 igitur
428 2517 509 2582 artis
536 2518 681 2602 inventa,
711 2538 777 2582 non
804 2517 990 2600 vetustatis,
1020 2517 1048 2582 si

50 2609 92 2670 est
117 2629 172 2671 ars
200 2606 270 2670 ulla
296 2627 404 2670 rerum
429 2606 681 2692 incognitarum
711 2625 915 2670 cumrerum
939 2608 1048 2669 autem

49 2697 158 2759 natura
182 2715 281 2778 quam
303 2693 529 2780 cognationem
552 2693 696 2758 habent?
724 2713 806 2777 quae
828 2696 866 2756 ut
887 2714 952 2758 uuo
976 2714 1048 2757 eon-

50 2801 137 2847 sensu
168 2782 281 2846 iuncta
310 2781 353 2845 sit
381 2785 414 2846 et
442 2781 622 2865 continens,
654 2780 740 2866 quod
766 2779 859 2846 video
888 2781 1049 2865 placuisse

22 2869 195 2954 ³lphysiois,
218 2869 327 2954 eisque
346 2891 503 2953 maxume,
527 2869 581 2954 qui
601 2889 704 2952 omne,
726 2868 812 2953 quod
831 2873 925 2953 esset,
948 2891 1048 2934 unum
1097 2919 1100 2924 -

51 2977 111 3023 esse
140 2957 304 3041 dixerunt,
333 2957 409 3042 quid
436 2957 556 3022 habere
583 2956 721 3020 mundus
748 2960 859 3041 potest
885 2979 958 3023 curn
980 2958 1049 3022 the-

51 3046 130 3110 sauri
153 3045 340 3111 inventione
364 3044 590 3110 eoniunotum?
627 3041 661 3108 si
685 3043 770 3108 enim
793 3045 877 3110 extis
895 3046 1048 3131 pecuniae

49 3132 122 3198 mihi
146 3133 357 3219 amplificatio
382 3133 562 3198 ostenditur
584 3131 680 3216 idque
702 3132 742 3196 fit
758 3137 885 3216 natura,
907 3133 1050 3218 primum

50 3224 117 3286 exta
140 3225 218 3286 sunt
240 3221 411 3287 coniuncta
433 3220 562 3302 munde,
585 3219 828 3304 deinde-meum
850 3221 976 3284 lucrum
994 3241 1050 3283 na·

21 3310 117 3372 utura
147 3331 256 3374 rerum
285 3309 477 3374 continetur.
519 3306 635 3373 Nonne
664 3307 764 3392 pudet
790 3307 942 3392 physicos
970 3306 1050 3372 haec

51 3394 171 3462 dicere?
206 3395 255 3462 Ut
277 3397 363 3461 enim
385 3396 451 3460 iam
476 3395 519 3460 sit
538 3395 647 3480 aliqua
664 3397 699 3459 in
717 3399 834 3459 natura
852 3415 959 3458 rerum
978 3415 1050 3458 con-

50 3484 149 3570 tagio,
181 3507 278 3569 quam
310 3505 380 3548 esse
412 3483 550 3549 concedo
579 3481 697 3569 (multa
725 3482 810 3546 enim
835 3479 934 3548 Stoici
961 3481 1049 3546 colli·
