2490 3950
165 182 207 246 10
471 180 522 234 DE
539 179 690 234 NATURA
707 177 861 232 DEORUM

163 323 305 409 Stoicos,
337 325 393 410 qui
423 325 563 391 honesta
594 346 615 388 a
641 323 817 389 commodis
844 343 911 387 non
935 322 1080 405 nomine,
1113 319 1171 386 sed

164 435 280 500 genere
302 417 374 479 tcto
397 414 611 499 diiungerent,
633 416 666 476 et
688 410 931 495 Peripateticos,
954 409 1008 494 qui
1029 409 1171 474 honesta
1232 428 1233 494 ζ

164 501 409 568 commiscerent
435 524 509 566 cum
535 500 726 584 commodis,
752 503 790 564 ut
816 521 854 562 ec
881 498 966 562 inter
988 519 1022 563 se
1044 519 1100 562 ma
1149 498 1171 544 “-
1232 503 1233 536 ³

163 589 275 654 tudine
298 593 331 654 et
354 590 447 676 quasi
465 589 629 676 gradibus,
651 611 717 654 non
734 609 851 673 genere
870 585 1043 651 differrent.
1078 519 1171 651 iffi

164 677 249 743 enim
277 681 327 742 est
353 700 419 744 non
445 678 617 742 verborum
638 698 752 761 parva,
782 674 839 739 sed
860 695 968 738 rerum
990 690 1196 760 permagna5

103 786 145 836 :1‘1
165 765 330 832 dissensio.
375 766 496 832 Verum
518 765 580 831 hoc
602 765 698 848 alius,
719 785 814 847 nunc,
836 762 925 847 quod
945 761 1120 847 coepimus,
1141 763 1172 826 si
1233 825 1234 838 ,

164 854 300 920 videtur.
349 854 431 920 Mihi
459 876 551 937 vero,
581 853 688 938 inquit
714 850 825 935 Cotta,
853 849 989 915 videtur.
1038 847 1102 915 Sed
1133 854 1171 915 ut
1233 845 1234 924 Ϊ

163 942 226 1026 hic,
248 942 305 1027 qui
326 943 501 1008 intervenit
524 942 590 1027 (me
612 937 766 1025 intuens),
787 961 829 1004 nc
850 938 990 1024 ignoret,
1011 960 1095 1022 quae
1116 961 1170 1003 res
1233 947 1234 954 ’

163 1035 295 1117 agatur,
322 1031 360 1096 de
382 1035 501 1096 natura
523 1030 700 1116 agebamus
723 1029 864 1112 deorum,
887 1048 1065 1112 quaecum
1088 1027 1170 1092 mihi

162 1119 326 1184 videretur
348 1120 557 1203 perobscura,
583 1122 621 1181 ut
643 1138 770 1201 semper
791 1115 893 1181 videri
916 1115 1012 1200 solet,
1033 1113 1170 1200 Epicuri
1183 1131 1206 1171 1⁰
1234 1199 1235 1206 ἵ

163 1227 203 1271 ex
224 1206 352 1272 Velleio
375 1206 564 1271 sciscitabar
587 1205 789 1270 sententiam
829 1202 934 1279 Quam
956 1205 999 1269 ob
1022 1225 1103 1288 rem,
1124 1204 1171 1268 in·
1234 1215 1235 1222 ’

164 1293 244 1377 quit,
265 1293 382 1378 Vellei,
402 1294 467 1358 nisi
488 1294 663 1358 molestum
682 1296 741 1377 est,
764 1296 883 1377 repete,
907 1313 989 1376 quae
1007 1313 1170 1377 coeperas.
1234 1363 1235 1380 ἶ

163 1380 323 1465 Repetam
340 1403 427 1466 vero,
450 1402 646 1465 quamquam
664 1403 730 1446 non
748 1380 837 1464 mihi,
855 1379 911 1445 sed
929 1379 992 1444 tibi
1008 1380 1062 1445 hic
1080 1380 1170 1445 venit
1234 1461 1235 1468 ἵ

154 1468 306 1552 ,ιιιίἰιιιοις
332 1469 429 1536 ambo
452 1469 551 1551 enim,
576 1469 684 1553 inquit
706 1469 868 1552 adridens,
895 1469 936 1534 ab
960 1469 1073 1534 ecdem
1095 1467 1170 1534 Phi·

163 1557 237 1622 lone
263 1557 346 1622 nihil
373 1557 455 1623 scire
482 1556 648 1622 didicistis.
698 1556 781 1621 Tum
807 1577 882 1642 ego:
914 1554 998 1631 Quid
1025 1555 1169 1622 didiceri·
1183 1571 1207 1614 1⁵
1233 1629 1236 1642 ¹

164 1667 246 1730 mus,
268 1644 367 1711 Cotta
387 1645 514 1730 viderit,
536 1649 573 1710 tu
596 1649 706 1711 sutem
726 1645 804 1710 nolo
827 1644 992 1709 existimes
1010 1667 1063 1710 mc
1082 1645 1169 1711 adiu·
1234 1659 1236 1669 ⁴

153 1738 269 1799 torem
286 1735 363 1800 huic
378 1735 515 1819 venisse,
538 1733 594 1799 sed
611 1733 800 1816 auditorem,
822 1735 856 1796 et
874 1732 1003 1817 quidem
1021 1755 1170 1818 aequum,

163 1821 265 1888 libero
288 1823 415 1903 iudicio,
437 1823 529 1886 nulla
551 1822 620 1887 eius
642 1821 730 1887 modi
752 1820 945 1886 adstrictum
966 1822 1169 1906 necessitate,
1235 1839 1236 1900 j

163 1913 201 1976 ut
223 1909 317 2011 mihi,
339 1910 436 1974 velim
459 1909 574 1993 nolim,
598 1909 641 1974 sit
664 1913 753 1975 certa
775 1908 933 1992 quaedam
955 1909 1076 1974 tuenda
1099 1931 1169 1976 sen·
1235 1929 1237 2006 4

116 2061 146 2126 ’8
164 2001 314 2150 ¹⁵0ullium
336 2083 481 2149 Velleius
508 2085 644 2150 fidenter
672 2107 761 2169 sanc,
787 2089 826 2150 ut
853 2086 960 2151 solent
986 2085 1058 2168 isti,
1086 2086 1169 2151 nihil
1182 2014 1207 2054 ²⁰
1235 2171 1237 2182 A

106 2136 146 2187 ΕΘ
165 2175 235 2236 tam
256 2193 380 2256 verens,
402 2194 501 2256 quam
521 2195 563 2238 ne
586 2174 734 2238 dubitare
757 2174 867 2258 aliqua
885 2173 924 2238 de
942 2172 1170 2258 recideretur,
1236 2193 1237 2258 j

165 2263 332 2344 tamquam
355 2260 452 2325 modo
475 2283 514 2326 ex
537 2261 669 2327 deorum
691 2261 827 2327 coneilio
850 2266 884 2326 et
906 2281 945 2326 ex
966 2261 1102 2346 Epicuri
1124 2263 1169 2326 in·
1236 2279 1237 2286 ¹

165 2347 356 2413 termundiis
386 2347 615 2433 descendisset,
647 2349 780 2434 Audite,
806 2349 926 2433 inquit,
954 2371 1020 2414 non
1046 2349 1169 2415 futtilis

165 2436 469 2520 commenticiasque
497 2437 687 2521 sententias,
718 2457 785 2503 non
811 2437 958 2521 opificem
986 2434 1205 2504 aedificato-2⁵

165 2545 297 2608 remque
320 2524 444 2608 mundi,
470 2523 619 2590 Platonis
642 2525 680 2589 de
703 2524 835 2590 'timaeo
859 2525 968 2609 deum,
988 2547 1047 2591 nec
1070 2548 1170 2592 anum

164 2612 344 2698 fatidicam,
377 2611 560 2678 Stoicorum
594 2609 773 2698 πρόνοιαν,
810 2634 907 2697 quam
938 2613 1054 2678 Latine
1091 2613 1170 2681 licet

165 2700 454 2784 providentiam
486 2699 604 2785 dicere,
634 2722 738 2785 neque
766 2721 844 2765 vero
875 2701 1029 2766 mundum
1060 2701 1169 2787 ipsum

166 2787 273 2852 animo
306 2791 339 2852 et
368 2789 515 2854 sensibus
546 2788 742 2873 praeditum,
773 2788 961 2873 rotundum,
993 2788 1170 2874 ardentem,

164 2875 341 2940 volubilem
372 2875 479 2959 deum,
508 2880 662 2960 portenta
689 2880 723 2940 et
744 2876 902 2942 miracula
923 2898 990 2943 non
1012 2877 1204 2944 disseres-u

107 2971 146 3021 ns
165 2961 248 3027 tium
270 2962 548 3048 philosophorum,
571 2965 627 3029 sed
650 2964 891 3030 somniantium.
936 2964 1059 3041 Quibus
1081 2968 1170 3032 enim

165 3050 267 3116 oculis
301 3050 426 3132 [enimi]
458 3051 578 3116 intueri
606 3052 715 3136 potuit
745 3055 853 3118 vester
883 3052 979 3119 Plato
1010 3054 1170 3121 fabricam

164 3137 256 3202 illam
279 3137 364 3204 tanti
387 3139 502 3224 operis,
526 3161 590 3224 qua
612 3141 755 3206 construi
773 3163 794 3205 a
812 3138 871 3207 deo
891 3145 988 3225 atque
1007 3141 1170 3209 aedificari

164 3226 319 3292 mundum
349 3225 451 3293 fucit?
483 3249 565 3310 quae
592 3227 733 3312 molitio,
765 3250 847 3313 quae
869 3229 1081 3315 ferramenta,
1114 3231 1170 3317 qui

162 3313 1206 3485 iuuitiiccoutentium,suis⁸⁶

244 3488 325 3554 ¹etuti
349 3486 517 3553 architecti
540 3494 603 3574 adr,
626 3490 721 3574 ignis,
744 3512 838 3576 aqua,
859 3495 949 3558 terra
970 3430 1169 3579 potuirunt?
