2490 3950
8 87 11 238 l
335 188 402 244 ΜΒ,
422 189 443 244 1.
464 187 539 243 CAP.
560 195 671 243 15-17.
690 194 706 253 s
724 194 838 244 ro-ro.
1048 188 1089 251 19

8 299 10 404 l
83 333 168 416 qnod
195 353 266 396 non
293 332 414 398 habeat
441 332 511 396 sine
533 331 681 396 doctrina
703 330 968 415 anticipationem
992 353 1090 416 quan·

8 445 9 496 j
84 421 157 485 dam
184 421 342 485 deorum?
375 442 473 504 quam
500 420 643 504 appellat
667 415 835 502 πρόληψιν
857 420 1030 504 Epicurus,
1057 419 1089 483 id

8 523 9 562 1
84 513 132 573 est
164 511 373 593 anteceptam
406 508 513 572 animo
545 508 594 572 rei
624 507 787 590 quandam
817 506 1090 590 informationem,

84 597 152 661 sine
194 619 261 680 qua
298 617 357 661 nec
395 595 544 682 intellegi
585 595 756 679 quicquam
791 617 849 660 neo
886 597 997 680 quaeri
1031 617 1091 661 nec

58 684 246 769 adisputari
276 687 396 768 potest.
441 682 539 750 Ouios
571 682 707 748 rationis
739 683 806 748 vim
839 687 936 768 atque
967 685 1090 750 utilita-

83 777 148 837 tem
179 794 219 836 ex
245 772 305 836 illo
332 772 465 839 caelesti
487 771 620 855 Epicuri
643 771 682 834 de
705 771 819 856 regula
841 776 875 837 ct
896 772 1013 838 iudicio
1036 795 1142 886 uo„

83 861 206 924 lumine
235 860 425 945 accepimus.
477 858 569 935 Quod
595 859 697 944 igitur
724 858 968 925 fundamentum
995 861 1090 926 huius
1109 902 1169 949 41·

83 947 286 1032 quaestionis
319 951 383 1032 est,
417 947 451 1012 id
481 947 646 1031 praeclare
677 947 799 1012 iactum
830 947 955 1012 videtis.
1010 948 1090 1014 Cum

84 1036 171 1100 enim
188 1057 257 1100 non
273 1036 425 1100 instituto
444 1035 553 1118 aliquo
572 1039 629 1100 aut
647 1056 737 1100 more
756 1039 813 1098 aut
831 1036 903 1121 lege
922 1036 966 1100 sit
982 1037 1091 1120 opinio

48 1142 71 1180 1⁰
84 1124 266 1189 constituta
279 1127 472 1208 maneatque
486 1123 527 1188 ad
540 1146 640 1188 unum
654 1123 799 1187 omnium
812 1123 905 1188 firma
915 1125 1092 1210 consensio,

83 1212 236 1297 intellegi
257 1232 387 1277 necesse
410 1216 548 1276 estesse
567 1211 653 1295 deos,
677 1211 828 1294 quoniam
846 1212 961 1278 insitas
980 1235 1092 1278 eorum

83 1301 136 1365 vel
154 1301 267 1384 potius
285 1301 414 1366 innatas
434 1299 635 1386 cognitiones
654 1299 825 1382 habemus3
844 1300 963 1384 dequo
983 1305 1091 1367 autem

8 1433 9 1454 2
85 1388 233 1452 omnium
255 1392 373 1452 natura
395 1388 569 1470 consentit,
593 1387 627 1452 id
649 1409 761 1452 verum
785 1409 855 1452 esse
876 1410 1006 1454 necesse
1029 1396 1093 1474 est,

8 1477 9 1488 ’
85 1499 154 1542 esse
177 1476 380 1562 igitur-deos
402 1476 618 1541 confitendum
641 1479 700 1540 est.
736 1473 829 1551 Quod
851 1477 1002 1561 quoniam
1024 1478 1093 1544 fere

8 1643 9 1648 ἵ
50 1581 73 1620 1⁵
86 1567 217 1629 constat
239 1564 325 1628 inter
343 1564 448 1629 omnis
466 1585 531 1628 non
549 1563 762 1648 philosophos
781 1564 895 1649 solum,
919 1565 975 1630 sed
993 1566 1092 1632 etiam

8 1685 9 1730 2
84 1653 249 1736 indoctos,
284 1651 445 1717 fateamur
476 1655 625 1717 constare
654 1651 737 1716 illud
769 1652 881 1736 etiam,
916 1653 1001 1718 hanc
1031 1677 1092 1719 nos

8 1741 9 1828 ,
84 1741 208 1805 habere
231 1741 298 1805 sive
323 1740 595 1824 anticipationem,
618 1744 655 1804 ut
679 1743 754 1803 ante
777 1738 852 1823 dixi,
875 1740 942 1805 sive
959 1763 1093 1825 praeno-

8 1829 9 1832 ’
85 1829 209 1894 tionem
234 1828 365 1892 deomm
389 1826 480 1912 (sunt
503 1827 588 1892 enim
611 1827 707 1892 rebus
730 1827 824 1892 novis
842 1849 927 1894 nova
944 1831 1095 1913 ponenda

84 1917 230 2000 nomina,
252 1919 289 1980 ut
308 1915 469 2000 Epicurus
492 1916 563 2000 ipse
585 1912 754 2000 πρόληψιν
777 1916 969 2001 appellavit,
996 1940 1092 2002 quam

52 2021 73 2057 ²⁰
86 2010 184 2070 antea
205 2025 301 2068 nemo
325 2026 361 2069 eo
385 2004 484 2069 verbo
506 2002 705 2088 nominarat)
721 2004 860 2069 -hano
877 2006 979 2092 igitur
996 2006 1093 2072 habe·
1111 2020 1145 2068 45

86 2114 173 2176 mus,
205 2095 243 2157 ut
276 2092 351 2157 deos
382 2091 497 2156 beatos
525 2095 558 2156 et
584 2092 773 2156 inmortales
800 2097 959 2177 putemus.
1005 2094 1092 2170 Quae

86 2181 174 2245 enim
209 2179 305 2244 nobis
341 2183 458 2252 natura
489 2179 752 2245 informationem
783 2181 928 2265 ipsorum
960 2183 1092 2248 deorum

8 2311 9 2326 2
87 2269 189 2351 dedit,
217 2267 329 2332 eadem
350 2266 523 2351 insculpsit
544 2267 579 2332 in
602 2268 778 2352 mentibus,
805 2273 843 2335 ut
865 2292 920 2335 eos
944 2275 1092 2337 aeternos

8 2369 10 2388 ¹
87 2361 118 2421 et
140 2358 258 2422 beatos
281 2355 482 2420 haberemus.
527 2354 620 2431 Quod
643 2355 671 2420 si
693 2355 742 2420 ita
764 2361 826 2440 est,
849 2380 923 2422 vere
947 2360 1094 2442 exposita

8 2519 9 2528 χ
54 2462 75 2500 2⁵
86 2445 145 2510 illa
169 2443 332 2509 sententia
355 2447 405 2508 est
428 2444 468 2507 ab
486 2442 637 2527 Epicuro,
660 2443 746 2528 quod
763 2445 895 2510 beatum
914 2451 1093 2511 aeternum-

8 2561 19 2595 „
87 2555 148 2617 que
177 2533 236 2614 sit,
268 2532 301 2596 id
327 2553 386 2596 neo
412 2531 532 2595 habere
558 2531 666 2616 ipsum
693 2532 818 2618 negotii
841 2533 1012 2616 quicquam
1034 2557 1093 2599 nec

8 2616 17 2732 ,¹
88 2620 239 2686 exhibere
264 2619 372 2702 alteri,
394 2619 504 2703 itaque
526 2640 629 2703 neque
651 2619 701 2684 ira
723 2641 826 2704 neque
850 2621 958 2706 gratia
980 2624 1093 2704 tenori,

89 2709 187 2793 quod,
218 2729 300 2792 quae
327 2707 409 2772 talia
432 2711 552 2791 essent,
578 2707 743 2772 imbecilla
765 2712 873 2772 essent
897 2709 1013 2773 omnia.
1059 2709 1094 2774 Si

88 2797 169 2888 nihil
198 2796 286 2860 aliud
314 2817 552 2879 quaereremus,
583 2795 647 2860 nisi
673 2799 711 2859 ut
738 2796 813 2860 deos
840 2795 893 2880 pie
916 2796 1094 2864 coleremus

57 2889 121 2948 set
151 2889 189 2948 nt
223 2883 453 2968 superstitione
484 2882 710 2966 liberaremur,
743 2883 823 2948 satis
856 2889 926 2950 erat
958 2887 1094 2971 diotum3

90 2994 163 3037 nam
195 2975 230 3036 et
260 2974 431 3056 praestans
463 2971 595 3036 deorum
625 2975 742 3036 natura
773 2971 940 3039 hominum
971 2975 1093 3059 pietate

92 3062 262 3143 coleretur,
290 3081 363 3124 oum
391 3064 423 3123 et
451 3063 582 3123 aeterna
605 3063 690 3124 esset
713 3063 746 3124 et
768 3061 956 3128 beatissima
980 3060 1093 3146 (habet

92 3148 173 3212 enim
195 3147 437 3213 uenerationem
459 3147 593 3231 iustam,
622 3147 771 3232 quioquid
795 3148 950 3233 excellit),
974 3154 1007 3213 et
1029 3172 1093 3213 me-

93 3239 142 3300 tus
165 3236 272 3302 omnis
295 3258 315 3299 a
337 3235 370 3300 vi
393 3239 490 3319 atque
512 3235 562 3300 ira
585 3235 717 3301 deorum
738 3237 851 3320 pulsus
875 3240 973 3317 esset3
999 3236 1093 3299 intel-

61 3323 210 3410 elegitur
242 3323 327 3387 enirn
360 3345 379 3388 a
409 3323 507 3388 beata
537 3323 767 3406 inmortalique
798 3327 916 3388 natura
951 3325 984 3386 et
1011 3323 1092 3388 iram

95 3414 124 3474 et
146 3412 287 3498 gratiam
311 3411 490 3497 segregari3
514 3410 629 3494 quibus
650 3412 783 3476 remotis
801 3410 910 3476 nullos
930 3432 949 3473 a
968 3411 1093 3493 superis

95 3498 273 3583 impendere
304 3500 419 3564 metus.
469 3497 530 3562 Sed
563 3499 603 3562 ud
633 3498 717 3562 hanc
749 3495 999 3561 confirmandam
1027 3498 1093 3578 opi-

844 3596 881 3648 2*
