2478 3936
154 172 200 235 46
297 217 301 220 .
465 168 514 222 DE
532 167 687 223 NATURA
703 163 858 220 DEORUM

154 312 185 366 iu
201 312 256 367 hac
275 327 372 365 sensus
390 325 501 378 quoque
515 311 546 364 et
557 307 695 362 rationem
708 306 800 362 inesse
812 321 926 361 necesse
941 319 1009 372 esse,
1027 303 1057 357 et
1070 301 1162 356 multo

156 381 269 450 quidem
294 380 415 434 acriores
437 382 522 447 atque
543 380 676 444 maiores;
704 395 739 432 ex
761 393 816 446 quo
835 374 965 430 concludi
981 389 1065 444 posse
1083 389 1163 426 mun-
1222 434 1223 438 Ἰ

155 453 223 506 dum
249 467 310 506 esse
333 451 423 505 deum
459 451 529 504 Esse
551 451 697 520 praeterea
718 447 890 502 animantem
911 445 1058 510 mundum,
1087 442 1164 511 quod
1222 451 1223 482 f

154 525 234 577 motu
252 522 366 587 meatur,
385 519 434 588 qui
451 520 498 574 vel
510 520 628 574 Platone
646 520 759 573 auctore
777 519 889 572 tantum
906 515 938 570 iu
954 515 1062 569 animos
1081 513 1165 568 eadat

156 598 227 664 (cap.
247 599 334 647 9-12
352 599 368 658 ξ
386 594 511 659 23-32).
546 591 646 644 Altera
671 588 743 644 ratio
766 591 811 642 est
833 586 893 642 eius
914 585 1003 640 modi:
1031 585 1064 638 ln
1089 600 1165 664 omni

155 681 249 718 rerum
265 662 443 716 institutione
462 677 524 716 esse
538 660 646 730 aliquid
660 661 814 714 extremum
827 659 911 726 atque
924 655 1091 727 perfectum,
1109 654 1165 708 nisu

156 733 290 814 quaevis
310 731 437 787 obsistat.
469 732 503 784 In
520 731 596 784 omni
610 729 698 800 igitur
710 727 869 782 naturavel
882 729 1011 781 universo
1026 741 1060 779 ac
1074 724 1165 778 multo
1223 747 1224 780 1

157 807 243 858 etiam
260 802 351 872 magis
368 818 482 856 necesse
501 818 561 856 esse
580 800 691 855 absolvi
704 799 813 868 aliquid
825 815 859 852 ao
871 796 975 869 perfici,
994 795 1071 864 quod
1084 794 1165 863 nihil,

155 877 189 929 ut
206 873 236 926 in
255 872 355 928 ceteris
372 871 494 940 naturis,
512 871 649 926 obsistere
666 870 765 941 possit
802 868 877 938 Ergo
896 885 959 922 cnm
975 867 1006 921 in
1022 866 1074 934 iis,
1095 882 1166 935 quae

156 945 309 1014 gignantur
335 960 370 998 ex
391 946 479 1011 terra,
505 942 579 996 nihil
601 941 641 996 sit
661 941 719 996 nisi
734 939 866 1005 nutritio,
892 937 1000 993 bestiae
1018 939 1166 1006 praeterea

157 1031 269 1069 sensum
288 1016 318 1069 et
334 1014 441 1068 motum
454 1013 578 1066 habeant
590 1014 621 1066 et
633 1011 799 1082 appetitum¹
817 1009 925 1064 homini
938 1007 1065 1062 additam
1080 1007 1166 1061 etiam
1224 1077 1225 1084 ἶ

155 1085 295 1139 rationem
308 1100 377 1148 esse,
396 1099 451 1152 qua
465 1082 607 1154 appetitus
620 1083 761 1152 regantur.
789 1079 832 1134 Ex
845 1096 900 1149 quo
914 1078 989 1133 effici
1001 1095 1064 1160 esso
1080 1077 1167 1159 etium

157 1157 286 1222 quartum
305 1155 335 1208 et
352 1152 521 1207 altissimum
538 1153 656 1223 gradum
673 1168 778 1220 eornm,
796 1150 846 1220 qui
859 1151 960 1204 natura
971 1150 1041 1203 bom
1055 1165 1166 1219 sapren-

156 1227 256 1293 tesqne
279 1223 444 1293 gignantur,
466 1223 498 1277 in
520 1223 620 1291 quibus
642 1223 678 1276 ab
700 1221 785 1277 initio
802 1220 872 1275 insit
888 1222 967 1274 recta
984 1221 1014 1274 et
1033 1220 1167 1273 constans

156 1293 238 1360 ratio,
257 1309 328 1362 quae
346 1293 400 1347 deo
419 1292 568 1347 tribuenda
581 1294 628 1361 sit,
646 1292 677 1347 id
691 1294 735 1348 est
747 1291 859 1346 mundo.
887 1291 995 1346 Eodem
1007 1289 1066 1344 fere
1081 1289 1167 1344 modo
1225 1352 1226 1356 η

158 1363 232 1418 effici
251 1378 311 1418 esse
329 1362 360 1417 in
377 1363 480 1417 mundo
499 1380 635 1418 summam
653 1363 786 1418 virtutem
804 1364 834 1416 et
851 1361 1019 1432 sapientiam
1033 1363 1114 1484 gean.
1134 1366 1166 1414 12
1225 1363 1226 1374 ¹

158 1436 246 1503 -14).
285 1433 340 1489 Sed
362 1433 460 1486 mundi
481 1433 631 1488 divinitate
652 1434 802 1505 perspecta
822 1431 906 1486 astris
929 1431 1014 1486 etiam
1054 1429 1168 1486 'vinita-

156 1507 216 1558 tem
238 1520 299 1558 esse
322 1503 507 1558 tribuendam.
544 1503 630 1574 Gigni
647 1504 722 1559 enirn
739 1504 796 1559 ista
813 1519 847 1558 ex
863 1501 1050 1557 mobilissima
1068 1504 1101 1556 et
1118 1519 1167 1572 pu·

156 1573 269 1628 rissima
285 1574 407 1630 aetheris
425 1576 505 1644 parte
522 1574 602 1628 nulla
619 1573 677 1628 alia
694 1575 818 1628 admixta
834 1575 949 1639 natura,
967 1574 1086 1640 totaque
1107 1588 1168 1626 esse

158 1645 250 1699 calida
268 1647 297 1699 et
314 1645 465 1715 perlucida
497 1645 656 1700 Absurdum
669 1647 764 1699 autem
777 1661 847 1710 esse,
865 1643 948 1698 sires
963 1659 997 1698 ex
1009 1647 1072 1698 atre
1089 1645 1168 1698 ortae

157 1716 296 1770 rationem
317 1716 465 1782 haberent,
489 1731 560 1785 quae
583 1715 614 1770 in
635 1715 725 1770 multo
743 1714 855 1784 puriore
873 1715 988 1769 aethere
1005 1715 1168 1779 nascantur,

158 1803 242 1841 sensu
259 1803 307 1840 eas
325 1788 376 1840 aut
391 1786 499 1841 ratione
517 1802 624 1853 carere,
642 1803 711 1854 quas
729 1786 770 1840 ibi
787 1786 877 1839 multo
895 1784 1017 1840 acriores
1036 1800 1101 1840 esse
1121 1784 1168 1838 de·

157 1857 233 1926 bere,
250 1856 335 1924 idque
353 1857 400 1911 vel
418 1856 515 1911 ordine
534 1873 629 1911 eorum
643 1859 672 1910 et
686 1856 845 1911 constantia
856 1857 991 1924 motuque
1004 1854 1167 1910 voluntario

159 1926 295 1981 declarari
319 1929 390 1997 (cap.
412 1933 443 1981 15
459 1944 500 1994 sq.
523 1931 680 1996 §ee-43).
722 1927 777 1982 Sed
799 1925 918 1980 maxime
943 1927 1081 1981 astrorum
1107 1943 1168 1980 sen·
1227 1975 1228 1978 ,

159 2014 220 2050 sum
238 1998 267 2050 et
284 1995 508 2065 intellegentiam
526 1996 757 2067 divinitatemque
775 1996 912 2052 declarem
929 1995 1052 2050 mirabili
1065 1996 1168 2050 ordine

159 2084 254 2122 eorum
272 2068 303 2120 et
320 2067 490 2137 constantia,
513 2084 584 2136 quae
601 2084 692 2136 neque
710 2069 838 2123 naturam
856 2066 1009 2136 significet,
1032 2067 1112 2135 quod
1131 2066 1170 2121 sit

158 2135 385 2217 plena'retionis
404 2137 660 2219 nequetfortunam
679 2155 750 2207 quae
769 2139 956 2219 constantiam
972 2139 1096 2208 respuat.
1135 2137 1169 2192 In

159 2206 459 2348 satelltes
469 2208 1168 2348 leldlrsseeelueeclelele

160 2350 230 2429 (cap.
247 2355 350 2404 16-23
369 2352 522 2418 §tt-60).
559 2349 614 2403 Sed
632 2350 735 2404 multas
753 2349 824 2404 alias
841 2351 955 2404 naturas
973 2349 1091 2404 deorum
1109 2366 1168 2404 ma·

159 2436 223 2488 gnrs
249 2435 345 2473 eorum
368 2419 511 2474 beneficiis
535 2419 702 2474 constitutas
725 2437 794 2476 esse.
834 2420 908 2474 Nam
929 2420 1063 2491 primum,
1089 2421 1169 2490 quod

160 2489 198 2543 sit
215 2505 233 2542 a
250 2490 303 2544 deo
321 2491 431 2558 natum,
449 2489 480 2543 id
497 2489 610 2545 nomine
628 2489 717 2561 ipsius
736 2491 782 2545 dei
798 2488 965 2560 nuncupari,
985 2490 1086 2546 deinde
1106 2509 1168 2546 rem

159 2559 262 2631 ipsam,
289 2559 319 2614 in
342 2577 397 2629 qua
419 2560 457 2615 sit
479 2561 522 2614 vis
540 2561 630 2615 meior
651 2561 758 2630 aliqua,
784 2561 825 2616 sio
843 2560 994 2632 appellari,
1019 2561 1167 2616 beneficiis

159 2647 241 2701 porro
264 2632 432 2686 excellentes
455 2631 531 2686 viros
555 2631 585 2686 in
608 2630 716 2687 caelum
733 2632 809 2686 fama
826 2634 857 2686 et
872 2631 1019 2687 voluntate
1037 2632 1167 2688 sublatos

160 2717 229 2768 esse,
248 2701 367 2770 denique
386 2718 420 2755 ex
437 2701 555 2771 physica
570 2701 677 2756 ratione
690 2702 795 2757 multos
809 2702 920 2758 fluxisse
934 2704 1082 2771 poetarum
1096 2704 1167 2758 deos

160 2774 231 2841 (cap.
250 2778 354 2826 23-29
372 2777 387 2838 5
403 2775 528 2842 60-75).
563 2771 616 2826 His
635 2772 741 2828 duabus
758 2773 840 2828 rebus
860 2773 1029 2839 constitutis,
1048 2774 1079 2828 et
1095 2774 1167 2830 deos

160 2857 229 2908 esse,
248 2842 277 2896 et
294 2841 385 2910 qualis
404 2859 500 2898 eorum
516 2843 617 2896 natura
635 2843 680 2911 sit,
700 2843 826 2912 sequitur
844 2843 997 2925 disputatio
1017 2842 1051 2898 de
1069 2845 1167 2913 provi·

160 2910 257 2965 dentis
283 2911 405 2966 deorum.
447 2913 489 2967 Ea
514 2912 604 2967 tribus
631 2913 804 2984 argumentis
831 2913 1003 2983 astringitur.
1040 2913 1166 2970 Primum

160 2981 195 3034 ab
214 2997 247 3036 eo
265 2980 336 3052 ipso,
355 2982 430 3049 quod
448 2983 478 3036 di
496 2982 565 3051 sint,
584 2983 695 3038 ducitur
712 2988 783 3055 (cap.
803 2990 846 3053 30,
864 2991 897 3040 31
916 2991 932 3051 ξ
951 2989 1076 3054 ‘lo-80),
1095 2987 1167 3041 alte·

159 3069 221 3106 rum
238 3050 317 3117 inde,
335 3051 411 3133 quod
429 3069 525 3137 omnes
542 3070 587 3108 res
606 3054 748 3110 subiectae
765 3055 823 3110 sint
839 3057 956 3136 naturae
974 3054 1110 3110 sentienti
1127 3057 1166 3111 ab

160 3121 872 3275 {ffissitllletltllttltltltutl
884 3128 1117 3266 tiltlll
1123 3143 1166 3252 1⁰03

159 3263 1165 3393 tirtel·utlltlutnllllmlltleltldistet

159 3404 263 3478 factem
282 3423 342 3462 esse
361 3406 533 3461 demonstrat
559 3405 756 3475 hominumque
775 3408 927 3463 commodis
940 3406 1056 3463 mirifice
1071 3425 1131 3464 esse
1145 3425 1165 3464 a

159 3475 391 3548 deo.·1irovisum,
413 3475 444 3530 id
466 3447 541 3545 quod
564 3478 697 3544 quattuor
714 3477 884 3548 argumentis
903 3479 948 3547 fit,
972 3494 1089 3548 qnorum
1106 3479 1163 3550 pri-
