2458 3934
158 167 223 232 184
508 162 557 218 nu
576 162 817 220 nrvruruonn

156 311 298 395 inquam,
312 307 531 393 auspiciorum
543 307 760 392 patrocinium
774 306 871 374 debet
883 317 964 374 es'se.
989 307 1068 374 Tibi
1082 308 1165 393 App.

158 397 310 466 Claudius
340 417 444 481 augur
477 395 603 463 consuli
628 396 793 462 nuntiavit
820 395 1010 462 addubitato
1042 393 1166 462 Salutis

158 486 293 572 augurio
311 485 434 550 bellurn
453 484 666 550 darnesticum
679 484 774 548 triste
792 506 830 550 aa
842 484 1072 550 turbulentum
1085 485 1167 567 iore3

158 574 244 660 quod
266 573 378 658 paucis
399 577 477 658 post
499 572 664 638 mensibus
686 575 833 639 exortum
857 572 1069 658 paucioribus
1094 594 1114 638 a
1136 576 1168 637 te

138 659 209 728 'cst
229 661 341 728 diebus
360 682 561 746 oppressum.
597 659 657 728 Oui
676 660 806 744 quidem
824 661 941 747 auguri
957 662 1169 727 vehementer
1191 680 1202 720 a

158 749 337 833 adsentior;
368 749 457 815 solus
489 749 576 814 enim
606 749 785 816 multorum
817 771 977 815 annorum
1008 749 1170 814 memoria

156 861 223 906 non
246 837 437 906 decantandi
460 836 602 923 augurii,
629 836 686 902 sed
708 835 873 904 divinandi
895 837 1002 903 tenuit
1026 837 1169 922 discipli-

157 950 242 994 nam
283 925 386 1003 Quem
412 925 597 991 inridebant
619 925 766 1010 collegae
787 925 838 992 tui
860 947 999 1010 eumque
1022 929 1100 992 tum
1122 925 1170 989 Pi·

158 1016 276 1099 ndum,
302 1019 373 1080 tum
396 1011 556 1080 Soranum
583 1034 740 1098 augurem
763 1034 834 1080 asse
856 1013 1023 1098 dicebant3
1052 1013 1169 1099 quibus

157 1104 249 1170 nulle
266 1102 437 1168 videbatur
455 1101 490 1166 in
509 1101 654 1188 auguriis
673 1104 732 1166 aut
748 1102 935 1186 praesensio
954 1106 1013 1168 aut
1032 1102 1169 1168 scientia
1181 1117 1202 1158 ιο

158 1191 307 1258 veritatis
329 1189 471 1272 futurae3
495 1190 658 1274 sapienter
682 1189 813 1255 aiebant
835 1190 877 1255 ad
899 1190 1091 1275 opinionem
1114 1190 1168 1254 inr-

158 1279 337 1364 peritorum
355 1297 426 1342 esse
442 1276 536 1342 fictas
553 1277 738 1362 religiones.
770 1275 862 1352 Quod
879 1279 977 1364 longe
996 1301 1094 1346 secus
1109 1281 1169 1360 est3

157 1387 261 1450 neque
284 1365 370 1431 enirn
392 1364 636 1448 inperatoribus
658 1365 735 1450 illis,
758 1365 875 1449 quibus
893 1365 1058 1432 Romulus
1081 1387 1168 1452 prae

157 1454 233 1537 fuis,
262 1473 321 1518 nec
342 1451 471 1538 inipso
494 1452 635 1519 Romulo
662 1453 743 1519 hacc
769 1454 932 1519 calliditas
956 1475 1028 1520 asse
1051 1455 1168 1540 potuit,

158 1547 196 1608 ut
218 1541 259 1607 ad
282 1561 424 1606 errorem
446 1541 665 1606 multitudinis
687 1541 857 1628 religionis
875 1542 1054 1608 simulacra
1071 1543 1167 1628 finge
1179 1555 1200 1596 1⁵

158 1633 240 1696 rent.
284 1627 347 1694 Sed
376 1628 551 1694 difficultas
578 1630 735 1714 laborque
763 1629 905 1695 ducendi
931 1631 1092 1696 disemum
1117 1651 1165 1694 ne

159 1717 361 1804 glegentiam
381 1717 534 1801 reddidit;
557 1719 683 1782 malunt
706 1717 791 1783 enim
814 1718 973 1784 ffisscrera
993 1720 1082 1784 nihil
1102 1737 1167 1783 esse

108 1807 202 1872 rosin
229 1805 381 1891 auspiciis
409 1827 516 1890 quam,
543 1805 620 1890 quid
647 1805 704 1889 sit,
733 1805 882 1872 ediscere.
925 1805 1010 1882 Quid
1034 1811 1088 1874 est
1113 1806 1165 1870 illo

160 1893 302 1979 auspicio
327 1893 475 1977 divinius,
498 1894 583 1977 quod
601 1893 688 1978 apud
705 1898 738 1958 te
755 1893 791 1958 in
808 1894 914 1960 Mario
938 1895 1010 1960 est?
1034 1899 1076 1961 ut
1097 1897 1167 1959 utar

159 1983 375 2067 potissumum
397 1985 433 2046 te
454 1985 598 2047 auctore:
1176 1993 1196 2032 2⁰

203 2069 275 2134 Hic
297 2068 403 2135 Iovis
427 2069 591 2134 altisoni
614 2069 743 2134 subito
767 2070 930 2154 pinnata
952 2073 1119 2137 satelles

204 2155 368 2221 Arboris
391 2178 408 2222 c
431 2160 571 2223 trunco
593 2157 789 2242 serpentis
813 2159 945 2224 saucia
965 2180 1098 2224 morsu

205 2241 383 2329 Subrigit
425 2244 514 2330 ipsa
552 2244 649 2311 ferie
688 2245 931 2332 transfigens
971 2248 1164 2333 unguibus

916 2357 963 2400 an
995 2357 1083 2400 uem

193 2417 478 2505 ,Semianimum
510 2425 548 2486 et
578 2421 687 2487 varia
720 2422 894 2506 graviter
926 2356 1076 2489 naivire
1103 2420 1163 2488 mi·
1204 2435 1205 2452 ¹

919 2515 1080 2576 cantem.

204 2594 323 2672 Quem
361 2617 400 2662 se
440 2597 731 2682 intorquentem
772 2597 925 2664 lanians
961 2603 1192 2683 rostroquea

799 2729 801 2732 -
871 2691 1081 2752 cruentans

204 2770 284 2836 Iam
307 2773 457 2838 satiata
479 2773 643 2857 animos,
668 2773 743 2838 ianr
766 2773 882 2838 duros
904 2775 989 2839 ulta
1012 2774 1161 2842 dolores

205 2858 338 2924 Abicit
374 2860 582 2926 ecflantem
618 2865 656 2926 et
691 2861 905 2927 laceratum
937 2862 1099 2948 adfligit
1127 2862 1160 2925 ir

978 2951 1080 3016 unda

205 3030 326 3116 Seque
345 3033 978 3103 obituasolisnitidcsconvertit
991 3038 1038 3103 ad
1051 3043 1160 3104 ortua

205 3119 312 3186 Hanc
342 3120 410 3186 ubi
431 3121 692 3209 'praepetibus
723 3125 854 3210 pinnis
886 3126 1075 3212 lapsuque
1105 3146 1161 3192 vo·

933 3214 1080 3279 lautam

204 3295 418 3382 Conspexit
440 3297 599 3382 Mariua,
621 3299 744 3365 divini
765 3303 935 3367 numinis
959 3324 1092 3388 augur,
1168 3308 1188 3350 ⁸⁰

204 3383 424 3469 Faustaque
452 3386 564 3470 signa
591 3406 680 3452 suae
704 3389 831 3454 laudis
853 3390 1080 3474 reditusque
1100 3410 1156 3456 no·

965 3479 1080 3563 tavit,
