2452 3938
269 174 335 231 ΗΒ.
354 175 389 231 11.
416 174 492 231 cAP.
511 179 625 230 ea-ec.
648 179 796 240 eto-54.
832 227 842 235 .
971 173 1037 238 215

54 319 140 384 cisse?
170 317 233 384 Sed
263 339 323 404 ego
350 317 555 403 insipientior
582 339 681 402 quam
706 315 758 381 illi
783 315 860 401 ipsi,
887 315 944 401 qui
972 315 1038 381 ista

53 407 176 491 credunt,
199 406 255 491 qui
277 405 407 491 quidem
429 409 543 472 eontra
565 426 620 470 eos
643 409 712 470 tam
736 403 791 468 diu
814 405 984 489 disputem.

103 495 200 560 Vetus
229 497 339 560 cutem
365 493 448 559 illud
470 492 604 560 Catonis
633 492 805 558 admodum
832 493 950 558 scitum
978 495 1038 577 est,
1046 493 1091 557 24

53 582 95 666 qui
114 583 224 649 mirari
246 604 281 648 so
303 581 425 665 aiebat,
448 581 533 666 quod
554 602 622 646 non
643 581 763 646 rideret
785 580 960 666 haruspex,
982 581 1037 646 ha-

34 671 191 756 ruspicem
214 691 288 736 cum
309 669 453 735 vidisset.
489 668 596 744 Quota
619 668 704 734 enim
727 690 871 753 quaeque
893 689 945 734 res
968 689 1037 733 sve·
1056 680 1090 731 oe

50 759 88 821 rit
106 759 269 843 proedicto
292 757 454 824 abistis?
477 761 547 840 aut,
575 757 604 821 si
627 757 734 822 evenit
757 757 937 842 quippiam,
961 756 1038 841 quid

51 845 150 912 adferri
172 849 293 932 potest,
316 866 372 911 cur
389 867 456 910 non
474 866 551 910 casu
569 843 603 909 id
622 845 785 910 evenerit?
812 843 882 909 Rex
896 844 1037 928 Prusias,

50 955 107 998 cum
126 933 306 1000 Hannibali
333 933 419 1019 apud
447 955 520 999 enm
547 932 709 998 exsulanti
733 931 912 1018 depugnari
933 933 1038 1016 pleae·

50 1025 100 1104 ret,
118 1023 262 1108 negabat
285 1043 319 1087 se
342 1020 468 1105 audere,
491 1021 576 1106 quod
599 1023 674 1085 exta
696 1019 915 1105 prohiberent.
952 1018 1038 1084 ‘Ain

25 1109 112 1174 otur’
136 1110 259 1195 inquit,
292 1109 538 1176 ‘carunculae
563 1107 756 1173 vitulinae
782 1108 903 1173 maris
927 1129 1038 1191 quam

50 1195 262 1282 imperatori
291 1198 416 1264 veteri
447 1195 641 1262 credere?
680 1193 785 1271 Quid?
816 1195 886 1281 ipse
918 1193 1038 1261 (laesor

50 1305 107 1349 cum
134 1309 153 1351 a
182 1307 312 1350 summo
342 1284 512 1369 haruspice
539 1287 737 1368 moneretur,
762 1305 804 1348 ne
830 1284 865 1347 in
892 1283 1037 1350 Africam

50 1376 108 1437 ante
132 1374 285 1439 brumam
306 1373 558 1456 transmitteret,
587 1393 694 1438 nonne
716 1372 922 1439 transmisit?
952 1372 1040 1457 quod

49 1460 236 1546 nifeoisset,
263 1483 327 1526 uno
353 1461 390 1526 in
414 1460 487 1526 loco
510 1481 622 1527 omnes
645 1460 904 1526 adversariorum
927 1461 1039 1546 copiae

24 1550 268 1615 econvemssent.
303 1548 387 1624 Quid
410 1569 470 1634 ego
493 1548 702 1634 haruspicum
724 1569 881 1632 responsa
903 1569 1039 1613 comme·

49 1657 153 1720 norem
172 1636 324 1725 (possum
344 1637 491 1721 equidem
508 1634 780 1720 innumerabilia),
798 1657 881 1720 quae
900 1639 957 1700 aut
968 1636 1039 1700 nul·

49 1722 87 1787 los
106 1723 281 1790 habuerint
303 1724 407 1790 exitus
432 1727 488 1789 aut
511 1723 714 1789 conuarios?
745 1722 817 1788 Hoc
835 1722 924 1788 civili
940 1723 1039 1808 bello,
1057 1733 1095 1784 te

49 1809 295 1879 diinmortales!
324 1834 421 1898 quam
449 1812 554 1878 multa
579 1811 741 1876 luserunt!
773 1831 855 1894 qnae
882 1810 977 1876 nobis
1004 1811 1040 1876 in

49 1896 202 1967 Graeciam
235 1901 358 1967 Roma⁴
376 1921 533 1991 responsa
568 1899 776 1984 haruspicum
812 1898 913 1964 missa
949 1900 1038 1964 suntl

24 1997 115 2068 ”quae
144 1990 235 2056 dicta
261 1989 429 2074 Pompeio-l
461 1989 580 2054 etenim
609 1987 666 2052 ille
697 1987 869 2052 admodum
896 1987 978 2053 extis
1006 1990 1039 2052 et

49 2077 170 2142 ostentis
204 2077 404 2142 movebatur.
453 2074 530 2142 Non
560 2076 651 2140 lubet
683 2096 947 2160 commemorare,
980 2096 1040 2141 nec

48 2183 109 2228 roro
128 2187 261 2232 neeesse
279 2169 339 2249 est,
360 2164 422 2230 tibi
440 2163 641 2249 praesertim,
664 2164 719 2248 qui
736 2163 927 2248 interfuisti3
949 2163 1039 2229 vides

49 2251 142 2318 tamen
163 2253 275 2319 omnia
297 2252 365 2318 fere
388 2257 510 2336 contra,
534 2273 571 2318 ac
589 2251 769 2335 dictasint,
792 2252 945 2318 evenisse.
977 2250 1040 2317 Sed

49 2335 113 2404 haec
133 2341 306 2426 hactenus3
327 2362 412 2406 nunc
435 2340 476 2405 ad
499 2342 629 2405 ostenta
650 2340 827 2405 veniamus.
1050 2387 1093 2450 25

24 2435 40 2476 ὅ
101 2427 205 2494 Multa
223 2451 275 2494 mc
293 2429 424 2494 consule
443 2449 527 2492 ame
540 2427 613 2513 ipso
627 2427 749 2512 scripta
762 2425 917 2509 recitasti,
936 2427 1040 2490 multa
1058 2464 1094 2512 54

50 2517 110 2579 ante
138 2517 315 2582 Marsicum
345 2517 468 2582 bellum
500 2538 520 2581 a
551 2513 689 2580 Sisenna
718 2514 856 2580 collecta
888 2513 1040 2598 attulisti,

50 2603 137 2668 multa
158 2609 236 2670 ante
249 2604 574 2670 Lacedaemoniorum
593 2604 714 2668 malam
732 2623 877 2688 pugnam
895 2602 930 2666 in
943 2601 1041 2666 Leuc·

50 2689 124 2754 tricis
149 2715 169 2758 a
199 2691 398 2758 Callisthene
425 2694 677 2757 commemorata
704 2690 828 2772 dixisti3
856 2689 895 2754 de
924 2690 1039 2774 quibus

50 2773 137 2844 dicam
164 2780 314 2864 equidem
341 2780 493 2866 singulis,
521 2779 628 2863 quoad
650 2777 825 2861 videbitur3
857 2777 913 2843 sed
936 2777 1039 2843 dicen·

24 2860 112 2930 ”dum
138 2869 238 2933 etiam
265 2871 316 2933 est
343 2868 381 2932 de
408 2867 576 2932 universis.
622 2865 711 2941 Quae
739 2869 789 2930 est
816 2865 900 2930 enim
928 2866 994 2930 ista
1020 2889 1040 2932 a

50 2948 104 3018 deis
125 2955 272 3041 profecta
295 2954 489 3042 significatio
513 2958 546 3018 et
569 2954 662 3038 quasi
686 2953 887 3019 denuntiatio
910 2955 1041 3020 calami·

49 3039 162 3109 tatum?
191 3045 268 3129 quid
294 3048 402 3109 autem
428 3043 544 3108 volunt
571 3042 611 3106 di·
624 3041 815 3108 inmortales
837 3042 980 3128 primum
1003 3063 1042 3107 ea

51 3126 269 3217 significantes,
301 3153 383 3216 quae
416 3131 484 3195 sine
516 3130 749 3214 interpretibus
779 3151 846 3196 non
877 3131 1040 3215 possimus

50 3211 239 3306 intellegere,
267 3219 380 3284 deinde
408 3240 459 3302 ea,
486 3239 569 3302 quae
595 3239 708 3283 cavere
734 3217 953 3303 nequeamus?
994 3216 1041 3280 At

24 3298 100 3368 ¹5hoc
124 3329 164 3372 ne
190 3307 337 3372 homines
366 3306 494 3390 quidem
517 3305 612 3390 probi
633 3305 771 3388 faciunt,
799 3309 836 3370 ut
860 3303 971 3368 amicis
994 3304 1042 3368 in-

51 3393 203 3470 pendentis
237 3395 440 3462 calamitates
472 3393 674 3478 praedicant,
707 3413 787 3477 quas
818 3391 868 3455 illi
900 3391 1040 3476 effugere

50 3479 128 3548 nullo
150 3483 245 3549 modo
268 3483 405 3570 possint,
427 3483 465 3546 ut
483 3480 608 3564 medici,
630 3501 827 3564 quamquam
844 3478 1041 3564 intellegunt
