2458 3934
122 108 186 173 168
468 105 518 159 nn
536 105 782 160 nrvmnrronn

120 256 155 318 te
173 250 319 334 excitari3
342 273 415 325 cum
434 254 543 316 autem
562 253 767 335 experrectus
786 271 873 315 esses
890 251 974 316 hora
990 251 1134 316 secunda

121 341 198 423 fere,
216 343 249 404 te
268 339 331 403 sibi
349 339 510 405 somnium
529 337 725 402 narravisse:
748 339 854 403 visum
872 338 935 402 tibi
953 360 1033 422 esse,
1055 361 1134 404 cum

121 430 156 494 in
178 427 258 492 locis
282 427 361 491 aclis
384 430 527 491 maestus
551 446 689 510 errares,
720 424 754 491 Ο.
776 425 916 491 Marium
940 449 1014 492 cum
1035 426 1134 492 fasci-

122 517 183 581 bus
205 515 359 580 laureatis
383 536 536 600 quaerere
560 535 599 579 ex
621 517 668 598 te,
695 514 773 598 quid
794 514 900 579 tristis
924 536 1021 598 esses,
1044 537 1135 580 cum-

123 625 184 690 que
207 608 245 669 tu
266 607 299 668 te
322 603 429 688 patria
451 603 485 667 vi
506 603 637 687 pulsum
660 623 730 666 esse
754 602 897 685 dixisses,
920 602 1136 688 prehendisse
1164 620 1176 660 ⁵

124 714 197 758 eum
228 691 375 756 dextram
407 695 499 755 tuam
531 695 564 755 et
590 691 676 755 bono
704 691 811 757 animo
839 696 873 756 te
899 690 1033 755 iussisse
1061 713 1137 756 esse

123 779 294 865 lictorique
321 801 477 864 proxumo
500 779 687 862 tradidisse,
714 784 751 844 ut
773 783 807 843 te
828 779 863 843 in
886 783 1138 844 monumentum

125 890 219 934 suum
250 867 433 951 deduceret,
463 870 496 932 et
526 867 644 931 dixisse
673 866 708 932 in
735 887 773 931 eo
801 867 863 931 tibi
891 867 1031 931 salutem
1053 867 1139 932 fore.

125 957 209 1023 Tum
236 960 269 1022 et
296 977 331 1021 se
354 957 552 1021 exclamasse
575 952 749 1019 Sallustius
771 958 885 1019 narrat
907 955 1049 1020 reditum
1072 955 1140 1020 tibi
1177 1023 1184 1034 ,

125 1047 262 1113 celerem
294 1048 327 1110 et
359 1043 539 1130 gloriosum
569 1045 734 1128 paratum,
767 1047 800 1108 et
831 1047 864 1106 te
890 1043 999 1128 ipsum
1026 1043 1140 1108 risum
1155 1063 1180 1101 ro

127 1133 252 1200 somnio
276 1133 438 1197 delectari.
478 1131 565 1196 Nam
587 1130 669 1194 illud
693 1130 775 1194 mihi
797 1131 861 1216 ipsi
883 1131 1033 1196 celeriter
1054 1153 1141 1196 nun·
1201 1171 1202 1176 κ

125 1221 245 1286 tiatum
268 1223 327 1303 ert,
348 1223 387 1284 ut
409 1219 587 1284 audivisses
610 1219 645 1282 in
667 1223 876 1284 monumento
894 1217 991 1283 Marii
1014 1219 1054 1284 de
1078 1224 1141 1285 tuo
1202 1198 1203 1262 l

126 1309 232 1374 reditu
246 1307 613 1393 magnificentissumum
626 1307 709 1370 illud
722 1309 854 1371 senatus
868 1307 1056 1372 consultum
1066 1329 1142 1373 esse
1203 1292 1204 1334 ¹

125 1398 249 1462 factum
275 1395 435 1461 referente
462 1398 596 1480 optumo
625 1399 658 1459 et
684 1395 876 1460 clarissumo
898 1395 969 1460 viro
994 1397 1141 1479 consule,
1204 1384 1205 1418 ¹

126 1485 222 1568 idque
257 1482 521 1568 frequentissimo
553 1483 683 1548 theatro
715 1483 897 1548 incredibili
929 1483 1072 1549 clamore
1108 1489 1141 1548 et
1156 1476 1206 1541 1⁵¹

127 1575 245 1660 plausu
281 1572 541 1658 comprobatum,
579 1571 697 1635 dixisse
732 1574 766 1636 te
801 1569 883 1636 nihil
915 1570 974 1636 illo
1007 1571 1140 1637 Atinati
1206 1570 1207 1582 ’

130 1661 255 1727 somnio
277 1661 348 1726 fieri
371 1682 467 1745 posse
490 1658 639 1728 divinius.

77 1730 119 1794 ²9
195 1749 241 1814 At
259 1750 364 1814 multa
381 1748 475 1814 falsa.
506 1747 610 1812 Immo
630 1748 768 1812 obscura
784 1746 924 1812 fortasse
942 1748 1048 1813 uobis.
1076 1746 1140 1813 Sed
1208 1757 1209 1762 ’

77 1808 111 1855 ⁶⁰
130 1838 196 1903 sint
217 1837 303 1901 falsa
326 1837 498 1920 quaedam3
521 1839 635 1900 contra
657 1856 734 1899 vera
757 1834 835 1919 quid
857 1833 1018 1912 dicimus?¹
1049 1835 1140 1914 Quae
1209 1848 1210 1854 ’

130 1925 259 2009 quidem
284 1923 388 1988 multo
411 1924 507 2009 plura
530 1923 707 2006 evenirent,
736 1922 764 1987 si
787 1922 828 1987 ad
851 1923 992 2006 quietem
1015 1924 1140 2012 integri
1156 1941 1181 1982 2⁰
1210 1942 1211 1972 ¹

129 2014 257 2077 iremus.
298 2009 393 2076 Nunc
417 2011 526 2076 onusti
549 2011 620 2075 cibo
644 2014 677 2074 et
699 2010 775 2075 vino
799 2012 991 2096 perturbata
1013 2016 1049 2078 et
1066 2035 1141 2079 con·

129 2100 204 2164 fusa
226 2099 394 2164 cernimus.
430 2098 522 2182 Vide,
545 2099 622 2185 quid
638 2096 787 2163 Socrates
805 2099 841 2163 in
853 2098 1002 2164 Platonis
1015 2099 1141 2166 Politia

131 2189 291 2271 loquatur.
327 2186 417 2252 Dicit
437 2187 536 2252 enim:
559 2181 667 2252 ‘Cum
685 2186 967 2252 dormientibus
987 2210 1030 2252 ea
1047 2211 1141 2274 pars

132 2276 262 2359 animi,
292 2296 387 2360 quae
417 2276 556 2340 mentis
587 2279 624 2339 et
653 2275 819 2340 rationis
848 2274 899 2340 sit
925 2275 1141 2362 particeps,

132 2365 262 2449 sopita
274 2365 473 2450 langueat,
487 2363 560 2428 illa
574 2366 713 2446 autem,
727 2363 766 2426 in
781 2384 853 2448 qua
865 2361 1005 2429 feritas
1024 2387 1141 2448 quae·
1155 2379 1180 2420 2⁵

131 2453 215 2517 dam
238 2452 290 2517 sit
313 2456 428 2537 atque
452 2451 622 2538 agrestis
645 2451 870 2534 inmanitas,
902 2473 984 2516 cum
1008 2451 1062 2516 sit
1085 2453 1142 2517 in-

133 2541 329 2606 moderato
359 2539 633 2626 obstupefacta
662 2543 755 2624 potu
783 2543 898 2623 atque
920 2543 1050 2624 pastu,
1081 2561 1143 2605 ex·

133 2629 280 2693 sultare
311 2650 393 2693 eam
421 2629 461 2692 in
490 2648 621 2692 somno
650 2626 966 2710 inmoderateque
988 2629 1143 2694 iactari.

131 2714 269 2799 Itaque
292 2715 381 2781 huic
404 2715 530 2781 omnia
552 2715 636 2779 visa
659 2714 883 2780 obiciuntur
906 2737 925 2779 a
948 2720 1076 2781 mente
1100 2739 1143 2782 ac

132 2803 284 2867 ratione
316 2826 448 2888 vacua,
478 2807 521 2868 ut
552 2806 619 2868 aut
646 2824 727 2867 cum
754 2807 877 2868 matre
907 2825 1046 2888 corpus
1075 2805 1143 2869 mi·
1157 2821 1182 2860 ³⁰

134 2910 239 2954 scere
261 2889 439 2956 videatur
462 2894 528 2955 aut
550 2913 632 2956 cum
655 2891 792 2975 quovis
812 2891 890 2955 alio
908 2892 969 2956 rel
988 2891 1144 2958 homine

134 2976 194 3042 vel
227 2975 308 3059 deo,
340 2999 453 3062 saepe
485 2979 613 3062 belua,
646 2982 761 3063 atque
793 2979 910 3043 etiam
942 2980 1144 3046 trucidare

134 3064 300 3149 aliquem
337 3066 375 3128 et
407 3065 524 3149 impie
555 3066 752 3131 cruentari
783 3068 981 3150 multaque
1012 3066 1145 3134 facere

133 3153 268 3238 inpure
299 3155 414 3236 atque
445 3155 571 3218 taetre
602 3177 685 3219 cum
716 3155 940 3220 temeritate
968 3158 1006 3219 et
1032 3156 1145 3242 inpn·

83 3240 276 3305 o1dentia.
320 3239 372 3304 At
400 3239 463 3324 qui
491 3241 640 3305 salubri
670 3246 707 3307 et
734 3242 930 3308 moderato
958 3243 1065 3308 cultu
1089 3248 1181 3310 art-³⁵

135 3349 205 3411 que
233 3327 339 3391 victu
367 3327 491 3412 quieti
519 3349 556 3391 se
579 3329 789 3394 tradiderit
813 3353 855 3396 ea
877 3333 988 3418 parte
1011 3332 1144 3415 animi,

135 3434 230 3497 quae
258 3415 397 3478 mentis
426 3418 463 3478 et
491 3415 649 3485 consilii
676 3421 750 3501 est,
778 3418 932 3504 agitata
954 3421 992 3484 et
1014 3424 1146 3485 erecta
