2476 3936
300 214 369 273 LIB.
387 215 436 269 III.
457 215 533 272 CAP.
552 223 665 274 28-32.
684 223 700 283 ἓ
718 224 832 273 40-44.
1004 218 1069 282 349

128 359 218 436 Quae
237 381 311 426 cum
329 359 464 426 dixisset
477 359 617 445 Laelius,
640 361 702 426 etsi
716 383 837 446 omnes,
856 361 912 446 qui
926 361 1060 429 aderant
1080 339 1123 405 30

60 450 293 536 significabant
312 450 353 515 ab
373 471 411 515 eo
430 471 465 514 se
483 470 554 514 erse
568 450 740 515 admodum
754 450 941 533 delectatos,
959 413 1070 515 tamari
1088 417 1122 466 42

60 541 192 623 praeter
222 541 346 602 ceteros
374 535 482 622 Scipio
513 539 606 622 quasi
638 539 777 622 quodam
806 539 923 625 gaudio
952 538 1069 603 elatus:

59 627 185 690 Multas
208 630 246 691 tu
270 626 409 710 quidem,
430 626 547 710 inquit,
569 626 670 710 Laeli,
692 649 788 711 saepe
812 648 925 692 causas
948 627 996 691 ita
1019 627 1069 692 de·

31 714 208 798 ofendisti,
240 718 282 780 ut
307 735 369 800 ego
394 735 461 780 non
488 715 585 780 modo
612 720 719 782 tecum
747 713 894 780 Serrium
921 713 1070 798 Galbam,

58 803 225 888 collegam
237 807 396 888 nostrum,
414 825 510 888 quem
524 807 570 888 tu,
589 803 695 888 quoad
708 803 798 888 vixit,
818 803 967 869 omnibus
982 807 1070 868 ante

58 891 216 976 ponebas,
237 913 351 957 rerum
369 913 409 956 ne
423 891 609 958 Atticorum
628 892 757 976 quidem
776 895 943 958 oratorum
961 913 1070 975 quem·

59 1000 161 1063 quam
185 983 243 1044 aut
265 981 418 1046 suavitate
424 1029 520 1046 .....

271 1121 509 1203 [Desiderantur
525 1121 663 1206 popinae
684 1123 861 1203 duodecim]
895 1175 896 1178 ,

126 1245 178 1312 Μ.
203 1245 325 1311 Tullius
347 1247 385 1312 de
405 1267 440 1311 rc
455 1245 542 1329 publ.
565 1245 615 1312 lib.
633 1245 713 1312 III:
736 1245 816 1310 duas
840 1245 903 1309 sibi
921 1267 982 1329 res,
1005 1267 1068 1330 quo

21 1355 47 1394 ιο
58 1335 170 1400 minus
197 1333 234 1398 in
262 1335 381 1420 vulgus
410 1337 444 1399 et
469 1335 504 1399 in
530 1334 602 1399 foro
625 1334 758 1418 diceret,
786 1334 1013 1412 confidentiam
1037 1338 1070 1400 et

58 1445 184 1577 rocta,
199 1422 385 1594 &indideram
398 1422 727 1595 Piddiiiidisidiciraeo
744 1423 847 1575 didit:
869 1511 1070 1577 inclusorum

57 1599 231 1668 hominum
255 1599 379 1686 gemitu
397 1599 565 1685 mugiebat
582 1602 706 1664 taurus.
738 1597 852 1680 (Sobel.
869 1598 1010 1664 Iuveaol.
1028 1603 1072 1665 od

22 1694 117 1836 um
135 1687 393 1861 VIideOoitare.
431 1776 521 1863 Ergo
543 1777 637 1841 illam
660 1797 729 1840 rem
751 1775 878 1861 populi,
900 1775 934 1839 id
958 1777 998 1856 [p.
1017 1755 1121 1883 2513,ss

58 1869 111 1932 est
134 1887 205 1930 rem
227 1865 404 1950 publicam,
432 1866 504 1949 quis
528 1865 647 1930 diceret
670 1867 754 1948 tum,
782 1886 855 1928 cum
879 1864 1070 1929 erudelitate

57 1955 158 2020 unius
182 1954 329 2038 oppressi
351 1958 459 2019 essent
481 1953 631 2037 universi,
654 1974 757 2036 neque
781 1956 866 2017 esset
884 1975 984 2017 unum
1002 1953 1070 2018 vin-

57 2044 171 2109 culum
202 2043 281 2106 iuris
307 2064 368 2107 nec
395 2063 570 2108 consensus
598 2063 635 2107 ao
666 2041 805 2106 societas
827 2045 952 2124 coetus,
984 2042 1071 2125 quod

58 2135 112 2197 est
139 2131 304 2216 populus?
340 2131 449 2215 Atque
476 2130 539 2196 hoc
564 2129 650 2196 idem
673 2127 850 2214 Syracusis⁸
895 2129 983 2194 Urbs
1010 2131 1070 2195 illa

22 2238 45 2278 20
58 2219 244 2306 praeclara,
276 2241 373 2304 quam
401 2219 448 2284 ait
474 2219 624 2284 Timaeus
653 2217 849 2284 Graecarum
875 2239 1070 2302 maxumam,

59 2307 209 2374 omnium
232 2311 340 2374 autem
364 2329 434 2372 esse
456 2307 720 2392 pulcherrimam,
748 2329 807 2371 arx
828 2307 975 2390 visenda,
998 2329 1070 2392 por·

57 2402 115 2463 tus
143 2416 246 2480 usque
273 2395 308 2460 in
336 2396 424 2460 sinus
452 2395 563 2480 oppidi
590 2398 623 2458 et
646 2394 687 2459 ad
709 2394 799 2459 urbis
823 2394 1002 2478 crepidines
1024 2397 1071 2459 in·

56 2486 136 2569 fusi,
159 2485 231 2550 viae
254 2485 350 2569 latae,
373 2483 527 2569 porticus,
546 2481 552 2568 Ι
572 2482 704 2566 templa,
726 2481 812 2546 muri
834 2482 937 2546 nihilo
962 2485 1003 2562 [p.
1018 2498 1069 2547 252

58 2573 170 2659 magis
198 2572 394 2655 efficiebant,
420 2572 578 2656 Dionysio
606 2574 736 2636 tenente
762 2572 801 2635 ut
828 2574 913 2634 esset
936 2569 993 2636 illa
1017 2592 1070 2636 res

21 2679 45 2720 25
59 2661 210 2749 publica,
232 2660 315 2725 nihil
338 2661 425 2726 enim
447 2661 561 2746 populi
579 2659 724 2724 etunius
743 2661 814 2722 erat
832 2659 973 2742 populus
991 2659 1070 2744 ipse.

56 2752 154 2837 Ergo
176 2748 234 2814 ubi
256 2753 414 2834 tyrannus
438 2753 501 2834 est,
528 2749 574 2814 ibi
596 2769 662 2812 non
683 2747 851 2829 vitiosam,
873 2750 910 2810 ut
932 2747 1004 2812 heri
1027 2747 1071 2812 di-

58 2841 191 2922 cebam,
218 2838 288 2923 sed,
310 2842 347 2902 ut
369 2859 454 2903 nunc
476 2837 561 2902 ratio
585 2836 686 2922 cogit,
709 2835 879 2900 dicendum
903 2837 952 2900 est
975 2836 1071 2922 plane

57 2928 189 2993 nullam
212 2947 282 2990 esse
305 2926 573 3011 rempublicam

128 3015 299 3080 Praeclare
321 3015 449 3100 quidem
469 3015 557 3098 dicis,
579 3013 724 3098 Laelius3
747 3012 866 3078 etenim
884 3011 977 3078 video
996 2991 1124 3118 iamsi}

22 3122 46 3162 ao
60 3125 128 3190 quo
157 3106 275 3189 pergat
298 3103 412 3168 oratio.
453 3102 485 3169 S.
507 3102 607 3168 Vides
630 3102 794 3188 igiturne
816 3101 910 3166 illam
934 3101 1071 3184 quidem,

60 3213 147 3278 quaa
174 3194 247 3257 tota
275 3191 318 3256 sit
345 3191 380 3256 in
406 3191 558 3257 factionis
587 3193 765 3275 potestate,
792 3210 888 3273 posse
911 3210 985 3253 vere
1010 3188 1072 3254 dici

58 3301 132 3346 rem
151 3280 326 3365 publicam.
353 3281 391 3345 L.
409 3277 461 3345 Sic
480 3280 576 3365 plano
594 3279 709 3344 iudico.
739 3277 772 3344 S.
791 3277 835 3340 Et
855 3277 859 3360 l
880 3297 944 3341 rec·
964 3279 1004 3357 [p.
1021 3293 1070 3342 109

58 3369 191 3435 tissime
214 3368 343 3452 quidem
365 3367 502 3452 iudicas3
525 3389 607 3451 quae
627 3367 713 3432 enim
731 3366 794 3431 fuit
811 3369 882 3430 tum
897 3364 1072 3429 Athenien·

60 3458 150 3522 sium
177 3479 243 3542 res,
270 3479 343 3522 cum
370 3460 446 3542 post
473 3477 628 3542 magnum
654 3455 736 3520 illud
761 3453 1072 3538 Peloponnesiacum

23 3546 189 3612 abellam
211 3543 349 3632 triginta
371 3544 433 3610 viri
452 3543 501 3611 illi
520 3545 594 3610 urbi
610 3542 822 3608 iniustissime
840 3542 1072 3628 praefuerunt?
