2458 3934
185 160 250 224 174
533 157 842 243 unuinulrronu

183 304 362 388 stellaeque
381 325 505 387 aureae,
530 324 611 387 quae
625 301 764 388 Delphis
783 306 877 367 erant
895 325 916 366 a
929 301 1192 368 Lacedaemoniis

182 391 310 477 positae
336 395 413 476 post
438 391 589 456 navalem
616 391 709 457 illam
734 390 905 456 victoriam
928 389 1104 474 Lysandri,
1132 412 1195 474 qua

183 479 399 545 Athenienses
423 479 640 562 conciderumt,
664 501 727 563 qua
749 479 784 542 in
801 499 914 564 pugna
933 479 1010 563 quia
1024 477 1146 544 Castor
1165 482 1196 541 et

182 567 302 633 Pollux
318 589 392 633 oum
405 567 732 633 Lacedaemoniorum
751 567 856 632 classe
874 567 938 632 visi
956 587 1027 631 esse
1045 566 1195 632 diceban·

182 658 246 738 tur,
269 677 382 722 eorum
403 655 546 742 insignia
569 654 711 740 deorum,
734 656 850 719 stellae
869 676 994 738 aureae,
1018 676 1101 739 quas
1122 654 1195 736 dixi,
1219 672 1222 711 ε

182 743 321 828 Delphis
348 744 476 829 positae
496 744 595 829 paulo
620 747 695 808 ante
718 742 920 808 Leuctricam
942 763 1091 828 pugnam
1117 742 1196 806 deci-

131 844 165 893 ‘lo
185 831 302 896 derunt
322 853 426 915 neque
445 835 593 916 repertae
612 835 696 898 sunt.
727 830 905 896 Maximum
923 851 1001 895 vero
1019 831 1107 895 illud
1125 851 1196 915 por-

182 923 311 985 tentum
333 919 436 984 isdem
459 916 634 1003 Spartiatis
656 919 732 1003 fuit,
761 918 859 1003 quod,
885 941 959 984 cum
982 920 1134 985 oraclum
1157 919 1195 981 ab

182 1006 261 1074 Iove
282 1006 459 1074 Dodonaeo
486 1007 679 1092 petivissent
701 1007 740 1071 de
762 1007 901 1073 victoria
924 1008 1133 1072 sciscitantes
1157 1007 1195 1070 le-

184 1097 317 1183 gatique
335 1117 390 1162 cus
407 1096 498 1180 illud,
518 1096 554 1159 in
571 1117 635 1179 quo
653 1096 783 1160 inerant
802 1099 915 1178 sortes,
934 1095 1222 1180 collocavissent,1s

184 1185 292 1268 simia,
322 1206 420 1268 quam
446 1206 503 1249 rex
525 1183 743 1249 Molossorum
765 1184 801 1247 in
824 1183 947 1250 deliciis
971 1183 1135 1268 habebat,
1164 1186 1194 1246 et

183 1275 288 1336 sortes
315 1272 403 1357 ipsas
431 1276 465 1336 et
487 1276 606 1356 cetera,
636 1293 718 1356 quae
741 1277 835 1337 erant
857 1271 898 1336 ad
921 1275 1045 1338 sortem
1068 1277 1193 1359 parata,

183 1359 380 1424 disturbavit
411 1363 444 1423 et
472 1360 558 1425 aliud
586 1361 652 1425 alio
680 1360 868 1445 dissupavit.
914 1359 998 1425 Tum
1027 1383 1080 1448 ea,
1115 1380 1192 1445 quae

182 1448 370 1533 praeposita
392 1451 469 1536 crat¹
486 1449 604 1534 oraclo,
627 1447 775 1514 sacerdos
798 1449 917 1513 dixisse
940 1448 1060 1514 dicitur
1084 1449 1125 1516 do
1148 1469 1190 1512 sa·

155 1609 169 1624 .
182 1536 251 1601 lute
273 1536 536 1602 Lacedaemoniis
559 1558 637 1620 esse,
662 1557 728 1602 non
750 1536 789 1601 de
811 1537 949 1603 victoria
972 1537 1219 1622 cogitandum1⁵

131 1610 289 1701 3⁰Quid?
311 1625 399 1690 bello
422 1623 544 1690 Punico
568 1623 706 1690 secundo
728 1646 836 1690 nonne
859 1623 893 1691 Ο.
916 1623 1100 1691 Flaminius
1125 1646 1189 1691 con-

131 1688 163 1736 Π
183 1713 234 1778 sul
265 1714 384 1779 iterum
415 1713 560 1800 neglexit
591 1713 685 1799 signa
716 1727 825 1779 rerum
855 1713 1041 1779 futurarum
1073 1733 1190 1800 magna

182 1823 255 1867 curn
286 1801 376 1868 clade
405 1802 453 1866 rei
481 1801 652 1887 publicae?
688 1799 751 1877 Qui
780 1802 921 1868 exercitu
947 1803 1092 1868 lustrato
1124 1821 1188 1868 cum

182 1889 350 1955 Arretium
368 1910 481 1954 versus
499 1894 608 1956 castra
625 1890 781 1956 movisset
797 1894 831 1955 et
844 1893 958 1956 contra
971 1889 1187 1956 Hannibalem
1221 1929 1222 1973 ,

182 1979 328 2064 legiones
356 1977 499 2063 duceret,
526 1982 560 2044 et
585 1978 656 2064 ipse
683 1983 716 2043 et
743 2000 844 2064 equus
867 1979 936 2043 cius
960 1983 1037 2043 ante
1061 1980 1217 2066 signum²⁰

182 2065 270 2131 Iovis
298 2063 439 2130 Statoris
471 2067 540 2132 sine
572 2087 669 2132 causa
700 2072 833 2152 repente
865 2067 1004 2132 concidit
1032 2089 1094 2133 nec
1124 2085 1187 2132 eam
1220 2075 1221 2109 l

182 2175 251 2218 rem
273 2153 390 2218 habuit
411 2154 563 2240 religioni
585 2155 711 2220 obiecto
735 2155 845 2241 signo,
865 2159 903 2219 ut
924 2155 1040 2240 peritis
1063 2156 1187 2221 videbo·
1219 2193 1220 2245 ,

183 2246 252 2327 tur,
283 2263 324 2306 ne
356 2244 574 2307 committeret
604 2243 774 2329 proelium.
820 2243 910 2308 Idem
942 2265 1016 2308 cum
1048 2241 1186 2330 tripudio

183 2330 415 2416 auspicaretur,
436 2330 595 2416 pullarius
619 2330 704 2395 diem
726 2331 843 2416 proelii
861 2332 1088 2397 committendi
1106 2331 1186 2396 diffc
1218 2337 1219 2381 l

181 2421 285 2484 rebat.
324 2419 408 2483 Tum
430 2417 608 2482 Flaminius
636 2440 736 2483 exeo
760 2420 933 2504 quaesivit,
960 2420 990 2485 si
1011 2442 1053 2484 ne
1076 2423 1218 2515 posteass,

184 2508 313 2591 quidem
343 2507 427 2593 pulli
458 2511 679 2592 pascerentur,
714 2506 791 2592 quid
821 2507 1003 2592 faciendum
1036 2510 1185 2574 censeret.

183 2596 265 2662 Cum
282 2596 339 2660 ille
357 2594 584 2679 quiescendum
598 2595 827 2680 respondisset,
844 2594 1038 2662 Flaminius:
1063 2596 1185 2662 ‘Prae-
1216 2603 1217 2651 t

183 2685 290 2750 clara
311 2705 402 2748 vero
426 2682 614 2768 auspicia,
641 2683 674 2748 si
696 2684 960 2749 esurientibus
984 2684 1108 2769 pullis
1131 2703 1184 2750 res
1215 2737 1216 2787 ,

184 2773 267 2857 geri
288 2771 450 2856 poterit,
473 2771 619 2836 saturis
637 2771 737 2835 nihil
756 2771 942 2857 gereturl'
965 2772 1078 2857 itaque
1098 2775 1185 2860 signa

183 2859 322 2924 convelli
345 2862 435 2924 etse
459 2859 549 2944 sequi
567 2858 672 2923 iussit.
708 2857 779 2935 Quo
797 2862 944 2946 tempore
962 2881 1036 2926 cum
1055 2835 1215 2948 signiferi

183 2945 280 3032 primi
298 2945 423 3011 hastati
441 2947 571 3033 signum
588 2969 655 3012 non
671 2951 784 3033 posset
801 2969 931 3015 movere
946 2949 1018 3014 loco
1032 2971 1093 3015 nec
1108 2950 1183 3034 quic·
1213 2965 1214 2980 ¹

183 3055 281 3120 quam
307 3033 531 3119 proficeretur,
557 3037 670 3121 plures·
691 3058 764 3101 cum
788 3037 987 3120 accederent,
1009 3035 1181 3103 Flaminius

182 3144 218 3188 re
239 3121 392 3186 nuntiata
413 3143 473 3187 suo
492 3144 581 3188 more
598 3123 751 3209 neglexit.
783 3123 898 3209 Itaque
915 3125 1022 3188 tribus
1040 3126 1083 3190 iis
1101 3124 1180 3190 horis

130 3223 163 3270 78
183 3211 329 3276 concisus
353 3210 511 3276 exercitus
531 3214 628 3294 atque
645 3212 717 3297 ipse
735 3211 924 3278 interfectus
943 3216 1001 3276 est.
1033 3211 1179 3301 Magnum

181 3298 264 3364 illud
293 3298 405 3383 etiam,
432 3299 519 3382 quod
548 3297 671 3363 addidit
698 3297 842 3384 Coelius,
869 3323 907 3366 eo
934 3305 1083 3386 tempore
1109 3303 1192 3386 ipso,

183 3408 254 3451 cum
281 3386 343 3451 hoc
370 3386 595 3451 calamitosum
623 3387 782 3469 proelium
809 3389 915 3474 fieret,
943 3391 1055 3454 tantos
1083 3395 1177 3455 terrae

183 3479 290 3538 motus
313 3473 349 3536 in
366 3472 550 3558 Liguribus,
574 3471 683 3538 Gallia
705 3478 989 3562 compluribusque
1007 3479 1122 3544 insulis
1140 3483 1177 3542 to·
