2458 3934
296 152 363 206 LIB.
383 154 403 210 1.
424 153 499 211 cac.
519 161 624 210 sa-aa
642 161 657 222 a
676 161 789 211 ca-us.
983 159 1046 226 173

63 297 219 384 fulgurales
238 305 272 362 et
288 299 424 364 rituales
443 298 528 382 libri,
546 299 647 365 uestri
666 299 764 364 etiam
781 301 963 386 augurales,
981 301 1047 368 alia

64 390 151 450 autem
179 386 287 452 subito
316 409 355 452 ex
381 391 528 472 tempore
555 387 738 454 coniectura
765 387 980 474 explicantur,
1009 394 1047 456 ut

63 474 129 558 apud
158 473 337 540 Homerum
369 474 520 559 Calchas,
555 476 610 558 qui
642 497 681 542 ex
712 498 881 562 passerum
912 499 1045 547 numero

62 561 124 626 belli
150 561 282 628 Troiani
311 584 413 629 annos
443 567 620 648 auguratus
650 567 713 648 est,
745 569 779 630 et
806 569 844 630 ut
872 565 908 630 in
936 565 1046 634 Sullae

41 651 197 735 sacriptum
215 651 354 716 historia
371 651 526 736 videmus,
550 652 636 736 quod
653 657 687 717 te
704 653 904 738 inspectante
922 653 1046 720 factum

60 743 104 821 est,
125 742 168 822 ut,
190 762 264 804 cum
285 739 342 804 ille
365 739 401 804 in
424 761 504 826 agro
520 739 650 806 Nolano
668 741 843 808 inmolaret
861 746 937 808 ante
955 764 1047 829 prae-

58 826 173 911 torium,
203 829 245 893 ab
268 827 379 892 infima
402 849 460 894 ara
482 828 591 894 subito
615 829 732 915 anguis
755 833 949 916 emergeret,
973 853 1046 896 cum

58 915 169 997 quidem
183 914 219 981 0,
232 914 419 980 Postumius
442 915 604 1002 haruspex
627 920 736 982 oraret
757 917 860 1000 illum,
883 921 920 982 ut
941 918 977 982 in
995 940 1046 983 ex·

57 1003 238 1085 petitionem
261 1004 434 1070 exercitum
458 1003 619 1088 educeret;
641 1005 675 1069 id
697 1026 771 1071 cum
793 1003 885 1071 Sulla
906 1004 1045 1089 fecisset,

27 1108 47 1145 1⁰
57 1095 113 1156 tum
143 1096 219 1158 ante
251 1092 404 1177 oppidum
433 1092 554 1158 Nolam
584 1093 825 1159 florentissuma
851 1090 1046 1158 Samnitium

56 1183 149 1244 castra
171 1180 266 1264 cepit.
306 1179 406 1245 Facta
429 1181 614 1246 coniectura
636 1182 735 1247 etiam
757 1182 793 1248 in
809 1181 967 1266 Dionysio
987 1185 1045 1266 est,
1065 1199 1097 1248 73

55 1269 138 1349 paulo
162 1272 238 1332 ante
261 1290 359 1352 quam
381 1289 517 1354 regnare
541 1269 660 1355 coepit3
683 1271 738 1356 qui
761 1293 833 1336 cum
853 1291 912 1355 per
930 1292 1046 1357 agrum

55 1354 235 1422 Leontinum
261 1357 325 1422 iter
350 1356 471 1422 faciens
496 1379 613 1442 equum
635 1359 705 1444 ipse
728 1358 911 1424 demisisset
932 1359 968 1425 in
990 1359 1046 1424 flu·

55 1465 124 1528 nen,
146 1444 333 1510 submersus
356 1466 457 1529 equus
475 1444 686 1533 uoraginibus
704 1467 771 1512 non
788 1447 928 1531 exstitit,
951 1469 1046 1533 quem

24 1548 115 1596 scum
137 1533 278 1598 maxima
299 1534 504 1599 contentione
521 1555 588 1599 non
605 1535 766 1619 potuisset
784 1535 961 1618 extrahere,
984 1535 1046 1599 dis-

53 1620 151 1705 cessit,
187 1625 225 1685 ut
254 1621 301 1686 ait
333 1619 506 1706 Philistus,
540 1643 637 1708 aegre
665 1622 781 1688 ferens.
826 1620 909 1688 (lum
937 1626 1046 1688 autem

53 1708 246 1794 aliquantum
273 1731 466 1796 progressus
494 1713 593 1794 esset,
621 1709 729 1774 subito
758 1709 921 1774 exaudivit
943 1709 1047 1774 hinni-

10 1873 11 1884 ,
52 1800 112 1862 tum
147 1798 352 1882 respexitque
388 1801 422 1862 et
435 1851 438 1856 .
453 1819 570 1882 equum
603 1799 743 1864 alacrem
774 1799 880 1864 laetus
913 1798 1047 1883 aspexit,

10 1895 11 1914 ³
51 1885 131 1950 cuius
153 1886 188 1950 in
210 1886 288 1950 iuba
310 1907 446 1951 examen
467 1886 577 1972 apium
597 1886 795 1952 consederat.
832 1885 924 1962 Quod
942 1889 1047 1951 osten-

23 1976 112 2038 atum
137 1974 255 2038 habuit
277 1974 360 2040 hanc
383 1975 464 2059 vim,
493 1978 531 2040 ut
552 1973 728 2058 Dionysius
750 1975 861 2060 paucis
884 1978 961 2060 post
981 1975 1046 2065 ‚die
1057 2025 1076 2089 3
1077 2025 1099 2086 4

50 2061 103 2126 bus
119 2083 257 2148 regnare
275 2062 426 2148 coeperit.
457 2059 563 2138 Quid?
581 2062 843 2129 Lacedaemoniis
855 2064 955 2149 paulo
970 2067 1045 2128 ante
1066 2103 1099 2151 74

50 2148 243 2218 Leuctricam
274 2150 494 2216 calamitatem
526 2172 609 2234 quae
641 2151 835 2237 significatio
866 2151 955 2218 facta
987 2156 1046 2236 est,

10 2297 12 2314 ,
50 2259 114 2302 cum
135 2239 172 2302 in
188 2237 339 2302 Herculis
360 2238 438 2303 fano
462 2258 554 2304 arnra
577 2243 753 2304 sonuerunt
769 2239 983 2323 Herculisque
1008 2240 1047 2303 si-

10 2353 11 2366 2
49 2327 221 2391 mulacrum
244 2327 348 2391 multo
373 2326 488 2392 sudore
510 2327 670 2393 manavit!
702 2327 748 2392 At
771 2328 882 2393 eodem
900 2332 1047 2413 tempore

21 2411 171 2498 aneos,
193 2417 231 2478 ut
254 2415 301 2478 ait
320 2413 546 2499 Callisthenes,
569 2415 744 2500 intemplo
763 2415 913 2480 Herculis
932 2415 1047 2480 valvae

49 2502 168 2568 clausae
187 2503 353 2588 repagulis
373 2503 481 2567 subito
500 2525 534 2568 se
552 2503 643 2587 ipsae
661 2506 864 2587 aperuerunt,
884 2522 1047 2586 armaque,

49 2612 123 2672 quae
145 2591 210 2655 fixa
231 2591 266 2656 in
288 2591 467 2676 parietibus
485 2591 625 2674 fuerant,
647 2612 685 2656 ea
704 2593 780 2655 sunt
797 2589 889 2654 humi
906 2590 1046 2655 inuenta.

49 2675 185 2764 Cumque
218 2679 330 2744 eodem
361 2683 507 2762 tempore
540 2679 626 2763 apud
655 2678 832 2744 Lebadiam
859 2676 1046 2762 Trophonio

48 2787 94 2830 res
116 2767 225 2832 divina
247 2767 349 2850 fieret,
372 2767 479 2852 gallos
503 2767 702 2853 gallinaceos
725 2767 760 2830 in
783 2787 820 2831 eo
839 2766 910 2831 loco
930 2766 976 2832 sic
995 2767 1047 2832 ad-

21 2854 132 2920 asidue
164 2876 279 2920 canere
311 2855 468 2939 coepisse,
500 2859 536 2919 ut
568 2853 650 2918 nihil
679 2854 945 2938 intermitterent3
976 2859 1047 2920 tum

48 2965 181 3029 augures
205 2943 324 3008 dixisse
347 2941 501 3009 Boeotios
524 2942 752 3009 Thebanorum
775 2964 846 3009 esse
867 2943 1047 3028 victoriam,

48 3036 214 3116 propterea
242 3031 328 3115 quod
356 3030 424 3095 avis
450 3031 509 3096 illa
536 3031 623 3096 victa
646 3030 740 3096 silere
763 3033 897 3117 soleret,
924 3054 1046 3115 cancre,

48 3119 72 3181 si
91 3119 232 3184 vicisset.
267 3118 454 3202 Eademque
476 3122 672 3204 tempestate
694 3119 805 3186 multis
829 3120 932 3206 signis
951 3119 1046 3184 Lace·
1066 3131 1099 3180 ‘lo

48 3205 219 3273 daemoniis
237 3206 425 3272 Leuctricae
447 3229 576 3294 pugnae
599 3207 768 3273 calamitas
787 3206 1046 3274 denuntiabatur.

21 3303 38 3346 ³⁵
47 3291 190 3380 Namque
213 3299 246 3360 et
268 3295 303 3360 in
324 3294 492 3379 Lysandri,
516 3295 572 3378 qui
588 3294 914 3361 Lacedaemoniorum
937 3293 1047 3358 claris-

48 3383 142 3450 simus
169 3383 291 3468 fuerat,
318 3387 439 3466 statua,
468 3405 550 3467 quae
572 3383 710 3468 Delphis
735 3383 856 3466 stabat,
882 3381 1046 3466 incapite

48 3492 160 3539 corona
183 3473 292 3538 subito
317 3470 442 3536 exstitit
466 3493 504 3536 ex
528 3472 650 3556 asperis
672 3471 782 3536 herbis
801 3473 834 3535 et
852 3469 1046 3554 agrestibus,
