2478 3936
174 187 219 250 60
483 182 875 238 uuusrcmnuouuu

173 329 327 394 litudines
350 327 528 414 adiungens
551 327 662 393 omnia
681 327 890 412 inperfectis
913 332 946 392 et
968 329 1106 394 maturis
1126 329 1181 394 do
1227 327 1228 386 l

172 422 225 484 oet
247 439 319 482 esse
340 417 486 500 meliora,
507 420 547 482 ut
566 416 603 480 in
623 437 707 500 equo
730 437 827 499 quam
849 417 884 480 iu
906 417 1024 501 eculeo,
1047 418 1082 482 in
1100 440 1181 484 cane

173 527 272 589 quam
292 506 329 570 in
350 505 473 589 catulo,
501 504 537 568 in
557 504 629 568 viro
652 527 750 587 quam
771 505 807 568 in
827 525 941 589 puero,
967 505 1061 589 item,
1093 507 1181 589 quod
1227 515 1228 596 l

172 594 209 658 in
236 594 326 659 omni
353 593 474 658 mundo
503 593 664 678 optimum
693 593 750 676 sit,
779 592 814 656 id
839 593 875 656 in
900 592 1044 677 perfecto
1068 595 1180 678 aliquo
1227 599 1228 678 l

120 695 155 744 39
174 687 272 766 atque
299 681 452 747 absoluto
479 703 551 746 esse
577 681 707 764 debere;
738 685 790 745 est
816 684 925 745 autem
951 681 1035 745 nihil
1058 683 1180 748 mundo
1206 685 1228 762 ⁵l

172 771 357 856 perfectius,
378 770 463 835 nihil
485 770 606 834 virtute
629 768 761 852 melius3
782 769 884 854 igitur
905 770 1017 833 mundi
1038 775 1089 834 est
1106 793 1182 855 pro

172 859 245 944 pria
272 859 388 924 virtus.
432 856 502 923 Nee
529 879 607 924 vero
636 857 778 921 hominis
806 861 924 922 natura
951 858 1098 942 perfecta
1120 865 1182 944 est,

173 952 207 1011 et
229 947 369 1013 efficitur
390 952 502 1011 tamen
523 946 560 1010 in
580 945 712 1009 homine
732 945 852 1030 virtus3
875 949 997 1029 quanto
1020 946 1123 1032 igitur
1147 949 1182 1011 in

172 1037 293 1101 mundo
323 1035 466 1101 facilius!
498 1038 550 1098 est
580 1055 659 1119 ergo
689 1033 726 1097 in
751 1055 790 1098 eo
816 1034 936 1118 virtus;
969 1036 1098 1120 sapiens
1130 1041 1182 1100 est

172 1125 275 1209 igitur
297 1128 331 1188 et
352 1127 528 1208 propterea
550 1122 637 1186 deus.
1194 1144 1217 1183 io

123 1214 164 1279 15
239 1210 349 1294 Atque
379 1211 441 1275 hac
472 1210 584 1275 mundi
613 1209 783 1274 divinitate
809 1214 979 1295 perspecte
1005 1212 1182 1276 tribuenda

173 1303 225 1364 est
254 1298 413 1362 sideribus
443 1297 556 1363 eadem
584 1297 751 1382 divinitas,
783 1320 865 1382 quse
894 1320 934 1362 ex
962 1299 1182 1364 mobilissima

172 1386 412 1472 purissimaque
448 1385 590 1450 aetheris
621 1389 715 1470 parto
746 1386 938 1472 gignuntur,
974 1409 1080 1471 neque
1110 1390 1182 1453 ulla

172 1478 341 1559 praeterea
373 1477 450 1537 sunt
479 1473 623 1538 admixto
650 1477 769 1538 natura
799 1478 934 1558 totaque
966 1480 1042 1540 sunt
1075 1477 1182 1542 calide

174 1567 272 1648 atquo
293 1563 467 1648 perlucida,
489 1566 528 1626 ut
547 1583 586 1648 ea
604 1582 733 1646 quoque
750 1563 930 1628 rectissime
948 1567 982 1628 et
1000 1563 1181 1630 animantia
1194 1585 1216 1624 1⁵

120 1663 155 1714 40
173 1673 244 1716 esse
274 1655 308 1715 et
330 1651 451 1715 sentire
473 1655 571 1733 etque
593 1651 785 1736 intellegere
808 1651 964 1716 dicantur.
1009 1652 1118 1736 Atque
1142 1677 1181 1718 ea
1227 1675 1228 1735 q

173 1740 304 1823 quidem
332 1743 405 1804 tota
434 1759 504 1803 esse
529 1739 628 1824 ignea
654 1738 791 1804 duorum
813 1761 966 1804 sensuum
988 1741 1180 1806 testimonio
1227 1737 1228 1794 l

173 1827 358 1893 confirmari
376 1825 550 1892 Cleanthes
573 1830 677 1910 putat,
699 1830 807 1892 tactus
826 1831 860 1891 et
878 1829 1054 1893 oculorum.
1091 1828 1179 1895 Nam
1227 1797 1228 1850 l

173 1914 253 1980 solis
271 1917 305 1978 et
323 1914 443 1978 candor
459 1915 629 1979 inlustrior
647 1918 698 1978 est
716 1937 815 1998 quam
830 1915 930 1980 ullius
943 1916 1040 2001 ignis,
1059 1917 1180 2002 quippe
1227 1975 1228 2000 ,

174 2002 230 2086 qui
255 2003 292 2065 ic
317 2001 464 2066 inmenso
492 2002 611 2067 mundo
634 2006 704 2066 tam
726 2004 824 2088 longe
846 2004 976 2087 lateque
999 2005 1179 2087 conlucent,
1193 2003 1228 2084 so}

174 2092 207 2152 et
235 2089 264 2152 is
294 2088 362 2152 eius
392 2093 499 2154 tactus
522 2094 586 2173 est,
614 2111 681 2154 non
707 2095 745 2155 ut
771 2091 949 2177 tepefaciat
971 2093 1091 2177 solum,
1121 2096 1179 2158 sed
1227 2093 1228 2182 l

174 2176 273 2240 etism
296 2197 392 2260 saepe
413 2176 596 2260 comburet,
623 2200 761 2262 quorum
783 2183 935 2244 neutrum
956 2180 1092 2263 faceret,
1113 2182 1179 2246 nisi
1227 2189 1228 2234 l

173 2267 260 2328 esset
277 2263 401 2348 igneus.
438 2263 560 2350 ‘Ergo',
581 2265 698 2349 inquit,
716 2266 800 2331 ‘cum
820 2268 870 2332 sol
887 2268 1001 2354 igneus
1020 2269 1064 2331 sit
1083 2267 1180 2334 Ocea·

171 2352 269 2435 nique
297 2352 405 2415 aletur
430 2353 610 2436 umoribus,
638 2354 715 2437 quie
740 2355 850 2419 nullus
878 2355 965 2440 ignis
988 2356 1057 2420 sine
1080 2361 1180 2440 pastu
1227 2405 1228 2440 ,

173 2440 282 2525 aliquo
311 2443 423 2524 posset
451 2462 640 2524 permanere
647 2491 656 2523 ,
685 2463 816 2508 neeesse
846 2446 896 2507 est
924 2448 980 2508 aut
1007 2445 1037 2508 ei
1060 2445 1178 2509 similis
1192 2463 1228 2504 ssi

173 2527 217 2592 sit
238 2527 316 2613 igni,
340 2548 437 2611 quem
460 2527 649 2592 adhibemus
673 2529 715 2592 ed
736 2552 831 2595 usum
850 2534 947 2614 atque
965 2531 1096 2616 victum,
1119 2538 1179 2598 aut
1227 2519 1228 2548 ¹

120 2625 153 2675 41
173 2615 212 2698 ei,
235 2614 291 2699 qui
312 2616 502 2699 corporibus
526 2616 740 2681 animantium
763 2619 954 2683 continetur.
999 2621 1104 2702 Atqui
1124 2621 1179 2686 hic
1227 2631 1228 2654 ³

171 2706 283 2767 noster
304 2702 405 2786 ignis,
431 2724 528 2786 quem
550 2725 628 2768 usus
651 2704 738 2770 ritae
760 2707 910 2790 requirit,
940 2707 1105 2773 confector
1127 2715 1180 2772 est
1227 2701 1228 2764 Ϊ

173 2792 205 2852 et
228 2793 437 2873 consumptor
460 2791 616 2876 omnium,
638 2792 800 2877 idemque,
823 2815 1024 2879 quocumque
1046 2796 1178 2880 invasit,
1227 2843 1228 2848 κ

172 2880 288 2941 cuncta
311 2874 475 2942 disturbat
497 2901 536 2944 ac
559 2879 710 2964 dissipat3
733 2884 847 2945 contra
864 2882 921 2946 ille
940 2904 1115 2967 corporeus
1134 2887 1179 2950 vi·
1191 2904 1217 2943 ³⁰

172 2962 249 3027 talis
269 2965 302 3025 et
321 2963 475 3028 saluteris
494 2967 603 3031 omnia
620 2973 799 3053 conservet,
823 2970 891 3053 alit,
910 2975 1018 3056 auget,
1036 2974 1178 3038 sustinet

173 3069 331 3133 sensuque
361 3049 490 3115 adficit?
534 3052 645 3140 Negat
674 3077 752 3140 ergo
782 3078 853 3121 esse
883 3059 1029 3141 dubium,
1058 3058 1178 3125 horum

171 3137 297 3290 itt?
312 3136 460 3288 titt
477 3139 674 3294 {llllsll'
698 3165 770 3296 tt
786 3145 826 3298 t
841 3166 969 3298 titt
988 3147 1118 3299 efflill
1140 3154 1179 3300 ”l
1227 3167 1228 3174 ‘

172 3311 278 3412 Quare
305 3333 377 3377 cum
405 3312 484 3413 solis
506 3313 592 3400 ignis
617 3253 733 3382 similis
757 3255 871 3384 dormi
891 3258 1017 3406 igniudi
1040 3259 1218 3408 sitfaqluief»

173 3404 249 3464 sunt
266 3422 302 3464 m
319 3401 508 3484 corporibus
524 3402 746 3488 animantium,
771 3409 872 3472 solem
892 3430 1019 3493 quoque
1033 3412 1179 3476 animan·

172 3489 239 3550 tem
258 3509 328 3551 esse
348 3491 486 3572 oportet,
510 3492 543 3552 et
561 3491 691 3574 quidem
709 3494 835 3576 relique
854 3500 952 3581 astra,
976 3519 1057 3580 quae
1072 3500 1178 3563 orian-
