<?xml version="1.0" encoding="UTF-8"?>
<!DOCTYPE html PUBLIC "-//W3C//DTD XHTML 1.0 Transitional//EN"
    "http://www.w3.org/TR/xhtml1/DTD/xhtml1-transitional.dtd">
<html xmlns="http://www.w3.org/1999/xhtml" xml:lang="en" lang="en">
 <head>
  <title>
</title>
<meta http-equiv="Content-Type" content="text/html;charset=utf-8" />
  <meta name='ocr-system' content='tesseract 3.04.00' />
  <meta name='ocr-capabilities' content='ocr_page ocr_carea ocr_par ocr_line ocrx_word'/>
</head>
<body>
  <div class='ocr_page' id='page_1' title='image "./mtulliiciceroni03mlgoog_0229.png"; bbox 0 0 2458 3934; ppageno 0'>
   <div class='ocr_carea' id='block_1_1' title="bbox 176 165 829 232">
    <p class='ocr_par' dir='ltr' id='par_1_1' title="bbox 176 165 829 232">
     <span class='ocr_line' id='line_1_1' title="bbox 176 165 829 232; baseline -0.015 -2"><span class='ocrx_word' id='word_1_1' title='bbox 176 166 239 232; x_wconf 79' lang='grc'>176</span> <span class='ocrx_word' id='word_1_2' title='bbox 521 165 571 219; x_wconf 83' lang='lat' dir='ltr'>DE</span> <span class='ocrx_word' id='word_1_3' title='bbox 588 165 829 222; x_wconf 82' lang='lat' dir='ltr'>DIVINATIONE</span> 
     </span>
    </p>
   </div>
   <div class='ocr_carea' id='block_1_2' title="bbox 120 309 1216 3571">
    <p class='ocr_par' dir='ltr' id='par_1_2' title="bbox 218 309 1186 464">
     <span class='ocr_line' id='line_1_2' title="bbox 218 309 1186 396; baseline -0.002 -20"><span class='ocrx_word' id='word_1_4' title='bbox 218 309 443 376; x_wconf 77' lang='lat' dir='ltr'>Flexanima</span> <span class='ocrx_word' id='word_1_5' title='bbox 477 314 672 395; x_wconf 89' lang='lat' dir='ltr'>tamquam</span> <span class='ocrx_word' id='word_1_6' title='bbox 709 309 913 396; x_wconf 85' lang='lat' dir='ltr'>ly‘mphata</span> <span class='ocrx_word' id='word_1_7' title='bbox 944 313 1010 375; x_wconf 88' lang='lat' dir='ltr'>aut</span> <span class='ocrx_word' id='word_1_8' title='bbox 1040 309 1186 376; x_wconf 84' lang='lat' dir='ltr'>Bacchi</span> 
     </span>
     <span class='ocr_line' id='line_1_3' title="bbox 973 420 1096 464; baseline 0.008 -2"><span class='ocrx_word' id='word_1_9' title='bbox 973 420 1096 464; x_wconf 82' lang='lat' dir='ltr'>sacris</span> 
     </span>
    </p>

    <p class='ocr_par' dir='ltr' id='par_1_3' title="bbox 219 484 1185 640">
     <span class='ocr_line' id='line_1_4' title="bbox 219 484 1185 552; baseline -0.001 0"><span class='ocrx_word' id='word_1_10' title='bbox 219 484 418 552; x_wconf 77' lang='lat' dir='ltr'>Commota</span> <span class='ocrx_word' id='word_1_11' title='bbox 439 486 480 550; x_wconf 91' lang='lat' dir='ltr'>in</span> <span class='ocrx_word' id='word_1_12' title='bbox 496 486 659 550; x_wconf 90' lang='lat' dir='ltr'>tumulis</span> <span class='ocrx_word' id='word_1_13' title='bbox 678 485 865 551; x_wconf 76' lang='lat' dir='ltr'>Teucrum</span> <span class='ocrx_word' id='word_1_14' title='bbox 884 489 1185 552; x_wconf 74' lang='lat' dir='ltr'>commemorans</span> 
     </span>
     <span class='ocr_line' id='line_1_5' title="bbox 979 597 1098 640; baseline 0 0"><span class='ocrx_word' id='word_1_15' title='bbox 979 597 1098 640; x_wconf 89' lang='lat' dir='ltr'>suum.</span> 
     </span>
    </p>

    <p class='ocr_par' dir='ltr' id='par_1_4' title="bbox 120 661 1216 1700">
     <span class='ocr_line' id='line_1_6' title="bbox 120 661 1185 748; baseline -0.004 -17"><span class='ocrx_word' id='word_1_16' title='bbox 120 667 163 731; x_wconf 77' lang='lat'>37</span> <span class='ocrx_word' id='word_1_17' title='bbox 175 664 285 748; x_wconf 82' lang='lat' dir='ltr'>Atque</span> <span class='ocrx_word' id='word_1_18' title='bbox 316 663 416 731; x_wconf 86' lang='lat' dir='ltr'>etiam</span> <span class='ocrx_word' id='word_1_19' title='bbox 448 662 508 727; x_wconf 87' lang='lat' dir='ltr'>illa</span> <span class='ocrx_word' id='word_1_20' title='bbox 535 662 711 727; x_wconf 74' lang='lat' dir='ltr'>concitatio</span> <span class='ocrx_word' id='word_1_21' title='bbox 738 661 885 727; x_wconf 81' lang='lat' dir='ltr'>declarat</span> <span class='ocrx_word' id='word_1_22' title='bbox 910 663 979 728; x_wconf 85' lang='lat' dir='ltr'>vim</span> <span class='ocrx_word' id='word_1_23' title='bbox 1005 664 1041 728; x_wconf 89' lang='lat' dir='ltr'>in</span> <span class='ocrx_word' id='word_1_24' title='bbox 1067 665 1185 728; x_wconf 88' lang='lat' dir='ltr'>animis</span> 
     </span>
     <span class='ocr_line' id='line_1_7' title="bbox 175 748 1186 837; baseline -0.004 -19"><span class='ocrx_word' id='word_1_25' title='bbox 175 774 246 818; x_wconf 90' lang='lat' dir='ltr'>esse</span> <span class='ocrx_word' id='word_1_26' title='bbox 277 750 429 816; x_wconf 83' lang='lat' dir='ltr'>divinam.</span> <span class='ocrx_word' id='word_1_27' title='bbox 477 748 588 837; x_wconf 88' lang='lat' dir='ltr'>Negat</span> <span class='ocrx_word' id='word_1_28' title='bbox 619 750 707 815; x_wconf 90' lang='lat' dir='ltr'>enim</span> <span class='ocrx_word' id='word_1_29' title='bbox 738 750 808 815; x_wconf 87' lang='lat' dir='ltr'>sine</span> <span class='ocrx_word' id='word_1_30' title='bbox 838 749 949 815; x_wconf 90' lang='lat' dir='ltr'>furore</span> <span class='ocrx_word' id='word_1_31' title='bbox 978 750 1186 817; x_wconf 74' lang='lat' dir='ltr'><strong>Democritus</strong></span> 
     </span>
     <span class='ocr_line' id='line_1_8' title="bbox 175 839 1216 926; baseline -0.002 -20"><span class='ocrx_word' id='word_1_32' title='bbox 175 861 371 926; x_wconf 90' lang='lat' dir='ltr'>quemquam</span> <span class='ocrx_word' id='word_1_33' title='bbox 401 842 533 924; x_wconf 67' lang='lat' dir='ltr'>poetam</span> <span class='ocrx_word' id='word_1_34' title='bbox 560 859 716 924; x_wconf 88' lang='lat' dir='ltr'>magnum</span> <span class='ocrx_word' id='word_1_35' title='bbox 743 859 813 903; x_wconf 91' lang='lat' dir='ltr'>esse</span> <span class='ocrx_word' id='word_1_36' title='bbox 840 860 951 923; x_wconf 89' lang='lat' dir='ltr'>posse,</span> <span class='ocrx_word' id='word_1_37' title='bbox 985 839 1073 924; x_wconf 89' lang='lat' dir='ltr'>quod</span> <span class='ocrx_word' id='word_1_38' title='bbox 1102 841 1216 904; x_wconf 75' lang='lat' dir='ltr'>idem⁵</span> 
     </span>
     <span class='ocr_line' id='line_1_9' title="bbox 176 925 1186 1011; baseline -0.002 -17"><span class='ocrx_word' id='word_1_39' title='bbox 176 929 255 996; x_wconf 88' lang='lat' dir='ltr'>dicit</span> <span class='ocrx_word' id='word_1_40' title='bbox 276 927 383 994; x_wconf 90' lang='lat' dir='ltr'>Plato.</span> <span class='ocrx_word' id='word_1_41' title='bbox 429 925 545 1010; x_wconf 81' lang='lat' dir='ltr'>Quem,</span> <span class='ocrx_word' id='word_1_42' title='bbox 568 926 598 991; x_wconf 90' lang='lat' dir='ltr'>si</span> <span class='ocrx_word' id='word_1_43' title='bbox 619 926 741 1011; x_wconf 86' lang='lat' dir='ltr'>placet,</span> <span class='ocrx_word' id='word_1_44' title='bbox 765 927 911 1011; x_wconf 88' lang='lat' dir='ltr'>appellet</span> <span class='ocrx_word' id='word_1_45' title='bbox 933 926 1089 1011; x_wconf 82' lang='lat' dir='ltr'>furorem,</span> <span class='ocrx_word' id='word_1_46' title='bbox 1112 928 1186 992; x_wconf 91' lang='lat' dir='ltr'>dum</span> 
     </span>
     <span class='ocr_line' id='line_1_10' title="bbox 176 1014 1184 1097; baseline -0.004 -14"><span class='ocrx_word' id='word_1_47' title='bbox 176 1018 272 1084; x_wconf 93' lang='lat' dir='ltr'>modo</span> <span class='ocrx_word' id='word_1_48' title='bbox 299 1017 329 1082; x_wconf 89' lang='lat' dir='ltr'>is</span> <span class='ocrx_word' id='word_1_49' title='bbox 355 1015 447 1081; x_wconf 90' lang='lat' dir='ltr'>furor</span> <span class='ocrx_word' id='word_1_50' title='bbox 472 1015 522 1080; x_wconf 87' lang='lat' dir='ltr'>ita</span> <span class='ocrx_word' id='word_1_51' title='bbox 547 1014 710 1097; x_wconf 73' lang='lat' dir='ltr'>laudetur,</span> <span class='ocrx_word' id='word_1_52' title='bbox 741 1018 780 1079; x_wconf 90' lang='lat' dir='ltr'>ut</span> <span class='ocrx_word' id='word_1_53' title='bbox 806 1014 842 1079; x_wconf 95' lang='lat' dir='ltr'>in</span> <span class='ocrx_word' id='word_1_54' title='bbox 863 1014 1013 1081; x_wconf 87' lang='lat' dir='ltr'>Phaedro</span> <span class='ocrx_word' id='word_1_55' title='bbox 1035 1015 1184 1081; x_wconf 83' lang='lat' dir='ltr'>Platonis</span> 
     </span>
     <span class='ocr_line' id='line_1_11' title="bbox 176 1101 1184 1189; baseline -0.003 -18"><span class='ocrx_word' id='word_1_56' title='bbox 176 1105 327 1171; x_wconf 88' lang='lat' dir='ltr'>laudatus</span> <span class='ocrx_word' id='word_1_57' title='bbox 359 1107 418 1170; x_wconf 88' lang='lat' dir='ltr'>est.</span> <span class='ocrx_word' id='word_1_58' title='bbox 463 1101 568 1178; x_wconf 80' lang='lat' dir='ltr'>Quid?</span> <span class='ocrx_word' id='word_1_59' title='bbox 600 1105 710 1168; x_wconf 86' lang='lat' dir='ltr'>vestra</span> <span class='ocrx_word' id='word_1_60' title='bbox 737 1102 842 1168; x_wconf 90' lang='lat' dir='ltr'>oratio</span> <span class='ocrx_word' id='word_1_61' title='bbox 869 1103 905 1168; x_wconf 90' lang='lat' dir='ltr'>in</span> <span class='ocrx_word' id='word_1_62' title='bbox 932 1104 1056 1188; x_wconf 88' lang='lat' dir='ltr'>causis,</span> <span class='ocrx_word' id='word_1_63' title='bbox 1090 1105 1184 1189; x_wconf 83' lang='lat' dir='ltr'>quid?</span> 
     </span>
     <span class='ocr_line' id='line_1_12' title="bbox 175 1190 1184 1279; baseline -0.002 -21"><span class='ocrx_word' id='word_1_64' title='bbox 175 1195 249 1279; x_wconf 90' lang='lat' dir='ltr'>ipsa</span> <span class='ocrx_word' id='word_1_65' title='bbox 271 1193 356 1258; x_wconf 86' lang='lat' dir='ltr'>actio</span> <span class='ocrx_word' id='word_1_66' title='bbox 379 1195 490 1276; x_wconf 86' lang='lat' dir='ltr'>potest</span> <span class='ocrx_word' id='word_1_67' title='bbox 512 1211 583 1255; x_wconf 90' lang='lat' dir='ltr'>esse</span> <span class='ocrx_word' id='word_1_68' title='bbox 603 1190 779 1256; x_wconf 78' lang='lat' dir='ltr'>vehemens</span> <span class='ocrx_word' id='word_1_69' title='bbox 800 1195 835 1255; x_wconf 89' lang='lat' dir='ltr'>et</span> <span class='ocrx_word' id='word_1_70' title='bbox 858 1192 969 1278; x_wconf 83' lang='lat' dir='ltr'>gravis</span> <span class='ocrx_word' id='word_1_71' title='bbox 993 1197 1027 1257; x_wconf 89' lang='lat' dir='ltr'>et</span> <span class='ocrx_word' id='word_1_72' title='bbox 1046 1193 1184 1277; x_wconf 86' lang='lat' dir='ltr'>copiosa,</span> 
     </span>
     <span class='ocr_line' id='line_1_13' title="bbox 176 1278 1216 1364; baseline -0.003 -18"><span class='ocrx_word' id='word_1_73' title='bbox 176 1282 240 1346; x_wconf 90' lang='lat' dir='ltr'>nisi</span> <span class='ocrx_word' id='word_1_74' title='bbox 266 1285 317 1346; x_wconf 89' lang='lat' dir='ltr'>est</span> <span class='ocrx_word' id='word_1_75' title='bbox 344 1280 471 1344; x_wconf 88' lang='lat' dir='ltr'>animus</span> <span class='ocrx_word' id='word_1_76' title='bbox 498 1278 568 1363; x_wconf 90' lang='lat' dir='ltr'>ipse</span> <span class='ocrx_word' id='word_1_77' title='bbox 596 1278 809 1344; x_wconf 77' lang='lat' dir='ltr'>commotior?</span> <span class='ocrx_word' id='word_1_78' title='bbox 845 1278 1007 1364; x_wconf 82' lang='lat' dir='ltr'>Equidem</span> <span class='ocrx_word' id='word_1_79' title='bbox 1030 1282 1134 1346; x_wconf 90' lang='lat' dir='ltr'>etiam</span> <span class='ocrx_word' id='word_1_80' title='bbox 1154 1281 1216 1343; x_wconf 75' lang='lat' dir='ltr'>ino</span> 
     </span>
     <span class='ocr_line' id='line_1_14' title="bbox 176 1367 1184 1453; baseline -0.002 -19"><span class='ocrx_word' id='word_1_81' title='bbox 176 1374 210 1434; x_wconf 89' lang='lat' dir='ltr'>te</span> <span class='ocrx_word' id='word_1_82' title='bbox 233 1389 330 1452; x_wconf 89' lang='lat' dir='ltr'>saepe</span> <span class='ocrx_word' id='word_1_83' title='bbox 351 1367 418 1432; x_wconf 85' lang='lat' dir='ltr'>vidi</span> <span class='ocrx_word' id='word_1_84' title='bbox 441 1370 487 1450; x_wconf 91' lang='lat' dir='ltr'>et,</span> <span class='ocrx_word' id='word_1_85' title='bbox 513 1370 552 1430; x_wconf 91' lang='lat' dir='ltr'>ut</span> <span class='ocrx_word' id='word_1_86' title='bbox 573 1367 616 1432; x_wconf 90' lang='lat' dir='ltr'>ad</span> <span class='ocrx_word' id='word_1_87' title='bbox 637 1367 761 1433; x_wconf 80' lang='lat' dir='ltr'>leviora</span> <span class='ocrx_word' id='word_1_88' title='bbox 782 1367 964 1452; x_wconf 82' lang='lat' dir='ltr'>veniamus,</span> <span class='ocrx_word' id='word_1_89' title='bbox 987 1369 1023 1433; x_wconf 93' lang='lat' dir='ltr'>in</span> <span class='ocrx_word' id='word_1_90' title='bbox 1046 1370 1184 1453; x_wconf 86' lang='lat' dir='ltr'>Aesopo,</span> 
     </span>
     <span class='ocr_line' id='line_1_15' title="bbox 176 1455 1183 1541; baseline 0 -19"><span class='ocrx_word' id='word_1_91' title='bbox 176 1457 331 1522; x_wconf 83' lang='lat' dir='ltr'>familiari</span> <span class='ocrx_word' id='word_1_92' title='bbox 349 1459 416 1539; x_wconf 89' lang='lat' dir='ltr'>tuo,</span> <span class='ocrx_word' id='word_1_93' title='bbox 434 1457 564 1520; x_wconf 87' lang='lat' dir='ltr'>tantum</span> <span class='ocrx_word' id='word_1_94' title='bbox 582 1455 731 1520; x_wconf 89' lang='lat' dir='ltr'>ardorcm</span> <span class='ocrx_word' id='word_1_95' title='bbox 748 1455 899 1521; x_wconf 84' lang='lat' dir='ltr'>vultuum</span> <span class='ocrx_word' id='word_1_96' title='bbox 913 1461 1012 1541; x_wconf 91' lang='lat' dir='ltr'>atque</span> <span class='ocrx_word' id='word_1_97' title='bbox 1030 1462 1183 1538; x_wconf 82' lang='lat' dir='ltr'>motuum,</span> 
     </span>
     <span class='ocr_line' id='line_1_16' title="bbox 177 1542 1184 1628; baseline -0.001 -17"><span class='ocrx_word' id='word_1_98' title='bbox 177 1550 215 1612; x_wconf 86' lang='lat' dir='ltr'>ut</span> <span class='ocrx_word' id='word_1_99' title='bbox 241 1567 315 1610; x_wconf 91' lang='lat' dir='ltr'>eum</span> <span class='ocrx_word' id='word_1_100' title='bbox 341 1543 393 1609; x_wconf 81' lang='lat' dir='ltr'>vis</span> <span class='ocrx_word' id='word_1_101' title='bbox 421 1542 579 1628; x_wconf 89' lang='lat' dir='ltr'>quaedam</span> <span class='ocrx_word' id='word_1_102' title='bbox 606 1543 804 1610; x_wconf 79' lang='lat' dir='ltr'>abstraxisse</span> <span class='ocrx_word' id='word_1_103' title='bbox 831 1567 852 1609; x_wconf 88' lang='lat' dir='ltr'>a</span> <span class='ocrx_word' id='word_1_104' title='bbox 878 1566 977 1610; x_wconf 88' lang='lat' dir='ltr'>sensu</span> <span class='ocrx_word' id='word_1_105' title='bbox 999 1547 1123 1612; x_wconf 87' lang='lat' dir='ltr'>mentis</span> <span class='ocrx_word' id='word_1_106' title='bbox 1144 1545 1184 1610; x_wconf 81' lang='lat' dir='ltr'>vi-</span> 
     </span>
     <span class='ocr_line' id='line_1_17' title="bbox 178 1635 315 1700; baseline -0.015 0"><span class='ocrx_word' id='word_1_107' title='bbox 178 1635 315 1700; x_wconf 89' lang='lat' dir='ltr'>deretur.</span> 
     </span>
    </p>

    <p class='ocr_par' dir='ltr' id='par_1_5' title="bbox 126 1719 1216 2157">
     <span class='ocr_line' id='line_1_18' title="bbox 126 1719 1212 1808; baseline 0 -22"><span class='ocrx_word' id='word_1_108' title='bbox 126 1737 158 1786; x_wconf 87' lang='lat'>81</span> <span class='ocrx_word' id='word_1_109' title='bbox 244 1722 436 1788; x_wconf 83' lang='lat' dir='ltr'>Obiciuntur</span> <span class='ocrx_word' id='word_1_110' title='bbox 454 1721 553 1786; x_wconf 88' lang='lat' dir='ltr'>etiam</span> <span class='ocrx_word' id='word_1_111' title='bbox 572 1719 668 1805; x_wconf 85' lang='lat' dir='ltr'>saep&#39;c</span> <span class='ocrx_word' id='word_1_112' title='bbox 685 1719 819 1805; x_wconf 83' lang='lat' dir='ltr'>formae,</span> <span class='ocrx_word' id='word_1_113' title='bbox 842 1743 925 1806; x_wconf 87' lang='lat' dir='ltr'>quae</span> <span class='ocrx_word' id='word_1_114' title='bbox 943 1743 1061 1808; x_wconf 86' lang='lat' dir='ltr'>reapse</span> <span class='ocrx_word' id='word_1_115' title='bbox 1079 1723 1182 1788; x_wconf 85' lang='lat' dir='ltr'>nullae</span> <span class='ocrx_word' id='word_1_116' title='bbox 1194 1733 1212 1773; x_wconf 83' lang='lat'>¹⁵</span> 
     </span>
     <span class='ocr_line' id='line_1_19' title="bbox 179 1791 1216 1896; baseline -0.003 -20"><span class='ocrx_word' id='word_1_117' title='bbox 179 1815 263 1895; x_wconf 88' lang='lat' dir='ltr'>sunt,</span> <span class='ocrx_word' id='word_1_118' title='bbox 281 1811 426 1895; x_wconf 65' lang='lat' dir='ltr'>‘speciem</span> <span class='ocrx_word' id='word_1_119' title='bbox 449 1813 558 1875; x_wconf 89' lang='lat' dir='ltr'>autem</span> <span class='ocrx_word' id='word_1_120' title='bbox 581 1810 733 1892; x_wconf 78' lang='lat' dir='ltr'>offerrmt3</span> <span class='ocrx_word' id='word_1_121' title='bbox 756 1809 843 1893; x_wconf 90' lang='lat' dir='ltr'>quod</span> <span class='ocrx_word' id='word_1_122' title='bbox 860 1810 1039 1896; x_wconf 82' lang='lat' dir='ltr'>contigisse</span> <span class='ocrx_word' id='word_1_123' title='bbox 1058 1810 1181 1876; x_wconf 89' lang='lat' dir='ltr'>Brenno</span> <span class='ocrx_word' id='word_1_124' title='bbox 1215 1791 1216 1886; x_wconf 79' lang='lat' dir='ltr'>l</span> 
     </span>
     <span class='ocr_line' id='line_1_20' title="bbox 178 1891 1216 1984; baseline -0.004 -20"><span class='ocrx_word' id='word_1_125' title='bbox 178 1900 296 1966; x_wconf 87' lang='lat' dir='ltr'>dicitur</span> <span class='ocrx_word' id='word_1_126' title='bbox 315 1899 446 1982; x_wconf 81' lang='lat' dir='ltr'>eiusque</span> <span class='ocrx_word' id='word_1_127' title='bbox 465 1897 601 1962; x_wconf 82' lang='lat' dir='ltr'>Gallicis</span> <span class='ocrx_word' id='word_1_128' title='bbox 619 1897 730 1981; x_wconf 90' lang='lat' dir='ltr'>copiis,</span> <span class='ocrx_word' id='word_1_129' title='bbox 749 1919 821 1962; x_wconf 90' lang='lat' dir='ltr'>cum</span> <span class='ocrx_word' id='word_1_130' title='bbox 839 1897 916 1963; x_wconf 90' lang='lat' dir='ltr'>fano</span> <span class='ocrx_word' id='word_1_131' title='bbox 931 1899 1102 1984; x_wconf 88' lang='lat' dir='ltr'>Apollinis</span> <span class='ocrx_word' id='word_1_132' title='bbox 1115 1898 1182 1964; x_wconf 92' lang='lat' dir='ltr'>Del·</span> <span class='ocrx_word' id='word_1_133' title='bbox 1215 1891 1216 1943; x_wconf 81' lang='lat' dir='ltr'>l</span> 
     </span>
     <span class='ocr_line' id='line_1_21' title="bbox 178 1984 1181 2073; baseline -0.005 -21"><span class='ocrx_word' id='word_1_134' title='bbox 178 1987 267 2073; x_wconf 89' lang='lat' dir='ltr'>phici</span> <span class='ocrx_word' id='word_1_135' title='bbox 297 1984 457 2051; x_wconf 82' lang='lat' dir='ltr'>nefarium</span> <span class='ocrx_word' id='word_1_136' title='bbox 483 1986 607 2051; x_wconf 90' lang='lat' dir='ltr'>bellum</span> <span class='ocrx_word' id='word_1_137' title='bbox 633 1985 807 2050; x_wconf 89' lang='lat' dir='ltr'>intulisset.</span> <span class='ocrx_word' id='word_1_138' title='bbox 853 1985 937 2051; x_wconf 80' lang='lat' dir='ltr'>&#39;lum</span> <span class='ocrx_word' id='word_1_139' title='bbox 964 1988 1053 2052; x_wconf 92' lang='lat' dir='ltr'>enim</span> <span class='ocrx_word' id='word_1_140' title='bbox 1080 1988 1181 2053; x_wconf 85' lang='lat' dir='ltr'>ferunt</span> 
     </span>
     <span class='ocr_line' id='line_1_22' title="bbox 179 2072 796 2157; baseline -0.005 -17"><span class='ocrx_word' id='word_1_141' title='bbox 179 2098 219 2140; x_wconf 86' lang='lat' dir='ltr'>cx</span> <span class='ocrx_word' id='word_1_142' title='bbox 241 2074 350 2140; x_wconf 90' lang='lat' dir='ltr'>oraclo</span> <span class='ocrx_word' id='word_1_143' title='bbox 374 2073 514 2138; x_wconf 79' lang='lat' dir='ltr'>ecfatam</span> <span class='ocrx_word' id='word_1_144' title='bbox 536 2095 607 2139; x_wconf 89' lang='lat' dir='ltr'>esse</span> <span class='ocrx_word' id='word_1_145' title='bbox 628 2072 796 2157; x_wconf 88' lang='lat' dir='ltr'>Pythiam:</span> 
     </span>
    </p>

    <p class='ocr_par' dir='ltr' id='par_1_6' title="bbox 178 2158 1210 2404">
     <span class='ocr_line' id='line_1_23' title="bbox 222 2158 1210 2250; baseline -0.001 -25"><span class='ocrx_word' id='word_1_146' title='bbox 222 2161 304 2246; x_wconf 85' lang='lat' dir='ltr'>Ego</span> <span class='ocrx_word' id='word_1_147' title='bbox 331 2161 542 2245; x_wconf 76' lang='lat' dir='ltr'>providebo</span> <span class='ocrx_word' id='word_1_148' title='bbox 564 2183 643 2226; x_wconf 82' lang='lat' dir='ltr'>ram</span> <span class='ocrx_word' id='word_1_149' title='bbox 664 2158 782 2226; x_wconf 85' lang='lat' dir='ltr'>istam</span> <span class='ocrx_word' id='word_1_150' title='bbox 804 2165 843 2226; x_wconf 92' lang='lat' dir='ltr'>et</span> <span class='ocrx_word' id='word_1_151' title='bbox 865 2163 977 2228; x_wconf 86' lang='lat' dir='ltr'>albae</span> <span class='ocrx_word' id='word_1_152' title='bbox 1000 2161 1210 2250; x_wconf 66' lang='lat' dir='ltr'>virginera</span> 
     </span>
     <span class='ocr_line' id='line_1_24' title="bbox 178 2249 1181 2336; baseline -0.002 -22"><span class='ocrx_word' id='word_1_153' title='bbox 178 2250 229 2314; x_wconf 79' lang='lat' dir='ltr'>Ex</span> <span class='ocrx_word' id='word_1_154' title='bbox 247 2272 311 2334; x_wconf 91' lang='lat' dir='ltr'>quo</span> <span class='ocrx_word' id='word_1_155' title='bbox 329 2249 460 2332; x_wconf 86' lang='lat' dir='ltr'>factum,</span> <span class='ocrx_word' id='word_1_156' title='bbox 478 2253 516 2314; x_wconf 91' lang='lat' dir='ltr'>ut</span> <span class='ocrx_word' id='word_1_157' title='bbox 533 2250 718 2315; x_wconf 84' lang='lat' dir='ltr'>viderentur</span> <span class='ocrx_word' id='word_1_158' title='bbox 735 2250 880 2336; x_wconf 87' lang='lat' dir='ltr'>virgines</span> <span class='ocrx_word' id='word_1_159' title='bbox 899 2251 985 2316; x_wconf 89' lang='lat' dir='ltr'>ferre</span> <span class='ocrx_word' id='word_1_160' title='bbox 1004 2274 1100 2318; x_wconf 88' lang='lat' dir='ltr'>arma</span> <span class='ocrx_word' id='word_1_161' title='bbox 1117 2273 1181 2317; x_wconf 89' lang='lat' dir='ltr'>con·</span> 
     </span>
     <span class='ocr_line' id='line_1_25' title="bbox 179 2336 980 2404; baseline 0 0"><span class='ocrx_word' id='word_1_162' title='bbox 179 2343 232 2404; x_wconf 87' lang='lat' dir='ltr'>tra</span> <span class='ocrx_word' id='word_1_163' title='bbox 254 2342 288 2404; x_wconf 90' lang='lat' dir='ltr'>et</span> <span class='ocrx_word' id='word_1_164' title='bbox 308 2338 383 2403; x_wconf 84' lang='lat' dir='ltr'>nive</span> <span class='ocrx_word' id='word_1_165' title='bbox 407 2336 577 2403; x_wconf 88' lang='lat' dir='ltr'>Gallorum</span> <span class='ocrx_word' id='word_1_166' title='bbox 600 2339 790 2402; x_wconf 90' lang='lat' dir='ltr'>obrueretur</span> <span class='ocrx_word' id='word_1_167' title='bbox 812 2340 980 2404; x_wconf 86' lang='lat' dir='ltr'>exercitus.</span> 
     </span>
    </p>

    <p class='ocr_par' dir='ltr' id='par_1_7' title="bbox 127 2425 1215 2865">
     <span class='ocr_line' id='line_1_26' title="bbox 127 2425 1179 2510; baseline -0.004 -17"><span class='ocrx_word' id='word_1_168' title='bbox 127 2427 169 2493; x_wconf 85' lang='lat'>38</span> <span class='ocrx_word' id='word_1_169' title='bbox 246 2426 442 2492; x_wconf 83' lang='lat' dir='ltr'>Aristoteles</span> <span class='ocrx_word' id='word_1_170' title='bbox 464 2425 593 2510; x_wconf 91' lang='lat' dir='ltr'>quidem</span> <span class='ocrx_word' id='word_1_171' title='bbox 612 2447 667 2490; x_wconf 90' lang='lat' dir='ltr'>eos</span> <span class='ocrx_word' id='word_1_172' title='bbox 687 2425 794 2510; x_wconf 88' lang='lat' dir='ltr'>ctiam,</span> <span class='ocrx_word' id='word_1_173' title='bbox 817 2427 874 2510; x_wconf 92' lang='lat' dir='ltr'>qui</span> <span class='ocrx_word' id='word_1_174' title='bbox 891 2428 1090 2494; x_wconf 78' lang='lat' dir='ltr'>valetudinis</span> <span class='ocrx_word' id='word_1_175' title='bbox 1108 2427 1179 2494; x_wconf 86' lang='lat' dir='ltr'>vitio</span> 
     </span>
     <span class='ocr_line' id='line_1_27' title="bbox 178 2513 1179 2599; baseline -0.004 -17"><span class='ocrx_word' id='word_1_176' title='bbox 178 2516 324 2582; x_wconf 71' lang='lat' dir='ltr'>firrcrcnt</span> <span class='ocrx_word' id='word_1_177' title='bbox 351 2519 384 2580; x_wconf 91' lang='lat' dir='ltr'>et</span> <span class='ocrx_word' id='word_1_178' title='bbox 410 2513 635 2580; x_wconf 85' lang='lat' dir='ltr'>melancholici</span> <span class='ocrx_word' id='word_1_179' title='bbox 662 2514 858 2599; x_wconf 88' lang='lat' dir='ltr'>dicerentur,</span> <span class='ocrx_word' id='word_1_180' title='bbox 888 2517 1041 2581; x_wconf 88' lang='lat' dir='ltr'>censebat</span> <span class='ocrx_word' id='word_1_181' title='bbox 1068 2518 1179 2583; x_wconf 87' lang='lat' dir='ltr'>habere</span> 
     </span>
     <span class='ocr_line' id='line_1_28' title="bbox 180 2602 1215 2688; baseline 0.003 -19"><span class='ocrx_word' id='word_1_182' title='bbox 180 2603 303 2688; x_wconf 89' lang='lat' dir='ltr'>aliquid</span> <span class='ocrx_word' id='word_1_183' title='bbox 333 2603 368 2668; x_wconf 90' lang='lat' dir='ltr'>in</span> <span class='ocrx_word' id='word_1_184' title='bbox 400 2602 516 2668; x_wconf 87' lang='lat' dir='ltr'>animis</span> <span class='ocrx_word' id='word_1_185' title='bbox 545 2602 754 2688; x_wconf 86' lang='lat' dir='ltr'>praesagiens</span> <span class='ocrx_word' id='word_1_186' title='bbox 786 2607 885 2687; x_wconf 88' lang='lat' dir='ltr'>atque</span> <span class='ocrx_word' id='word_1_187' title='bbox 916 2603 1071 2670; x_wconf 84' lang='lat' dir='ltr'>divinum.</span> <span class='ocrx_word' id='word_1_188' title='bbox 1116 2604 1178 2688; x_wconf 83' lang='lat' dir='ltr'>Ego</span> <span class='ocrx_word' id='word_1_189' title='bbox 1190 2613 1215 2672; x_wconf 73' lang='lat'>2⁵2</span> 
     </span>
     <span class='ocr_line' id='line_1_29' title="bbox 180 2690 1215 2758; baseline -0.002 -2"><span class='ocrx_word' id='word_1_190' title='bbox 180 2697 289 2757; x_wconf 86' lang='lat' dir='ltr'>autem</span> <span class='ocrx_word' id='word_1_191' title='bbox 311 2690 398 2756; x_wconf 87' lang='lat' dir='ltr'>haud</span> <span class='ocrx_word' id='word_1_192' title='bbox 421 2691 487 2756; x_wconf 90' lang='lat' dir='ltr'>scio</span> <span class='ocrx_word' id='word_1_193' title='bbox 511 2712 553 2755; x_wconf 89' lang='lat' dir='ltr'>an</span> <span class='ocrx_word' id='word_1_194' title='bbox 575 2712 633 2755; x_wconf 90' lang='lat' dir='ltr'>nec</span> <span class='ocrx_word' id='word_1_195' title='bbox 654 2691 809 2756; x_wconf 86' lang='lat' dir='ltr'>cardiacis</span> <span class='ocrx_word' id='word_1_196' title='bbox 832 2691 895 2757; x_wconf 92' lang='lat' dir='ltr'>hoc</span> <span class='ocrx_word' id='word_1_197' title='bbox 917 2692 1126 2758; x_wconf 88' lang='lat' dir='ltr'>tribuendum</span> <span class='ocrx_word' id='word_1_198' title='bbox 1143 2691 1180 2754; x_wconf 85' lang='lat' dir='ltr'>sit</span> <span class='ocrx_word' id='word_1_199' title='bbox 1214 2723 1215 2754; x_wconf 82' lang='grc'>;</span> 
     </span>
     <span class='ocr_line' id='line_1_30' title="bbox 179 2778 1178 2865; baseline -0.004 -20"><span class='ocrx_word' id='word_1_200' title='bbox 179 2801 238 2845; x_wconf 89' lang='lat' dir='ltr'>nec</span> <span class='ocrx_word' id='word_1_201' title='bbox 256 2778 466 2864; x_wconf 68' lang='lat' dir='ltr'>phreneticis,</span> <span class='ocrx_word' id='word_1_202' title='bbox 485 2779 585 2844; x_wconf 91' lang='lat' dir='ltr'>animi</span> <span class='ocrx_word' id='word_1_203' title='bbox 603 2778 688 2843; x_wconf 88' lang='lat' dir='ltr'>enim</span> <span class='ocrx_word' id='word_1_204' title='bbox 706 2778 837 2865; x_wconf 77' lang='lat' dir='ltr'>integri,</span> <span class='ocrx_word' id='word_1_205' title='bbox 850 2801 917 2845; x_wconf 89' lang='lat' dir='ltr'>non</span> <span class='ocrx_word' id='word_1_206' title='bbox 929 2780 1042 2846; x_wconf 81' lang='lat' dir='ltr'>vitiosi</span> <span class='ocrx_word' id='word_1_207' title='bbox 1057 2787 1108 2846; x_wconf 87' lang='lat' dir='ltr'>est</span> <span class='ocrx_word' id='word_1_208' title='bbox 1121 2800 1178 2845; x_wconf 90' lang='lat' dir='ltr'>cor·</span> 
     </span>
    </p>

    <p class='ocr_par' dir='ltr' id='par_1_8' title="bbox 128 2865 1206 3571">
     <span class='ocr_line' id='line_1_31' title="bbox 128 2865 1179 2951; baseline 0.003 -26"><span class='ocrx_word' id='word_1_209' title='bbox 128 2876 161 2925; x_wconf 82' lang='lat'>82</span> <span class='ocrx_word' id='word_1_210' title='bbox 180 2867 269 2951; x_wconf 88' lang='lat' dir='ltr'>poris</span> <span class='ocrx_word' id='word_1_211' title='bbox 288 2866 453 2932; x_wconf 81' lang='lat' dir='ltr'>divinatio.</span> <span class='ocrx_word' id='word_1_212' title='bbox 491 2865 595 2943; x_wconf 82' lang='lat' dir='ltr'>Quam</span> <span class='ocrx_word' id='word_1_213' title='bbox 618 2867 748 2950; x_wconf 88' lang='lat' dir='ltr'>quidem</span> <span class='ocrx_word' id='word_1_214' title='bbox 770 2889 841 2932; x_wconf 84' lang='lat' dir='ltr'>esse</span> <span class='ocrx_word' id='word_1_215' title='bbox 863 2889 899 2933; x_wconf 90' lang='lat' dir='ltr'>re</span> <span class='ocrx_word' id='word_1_216' title='bbox 920 2890 999 2933; x_wconf 79' lang='lat' dir='ltr'>vera</span> <span class='ocrx_word' id='word_1_217' title='bbox 1021 2869 1083 2934; x_wconf 87' lang='lat' dir='ltr'>hac</span> <span class='ocrx_word' id='word_1_218' title='bbox 1106 2866 1179 2934; x_wconf 85' lang='lat' dir='ltr'>Stoi·</span> 
     </span>
     <span class='ocr_line' id='line_1_32' title="bbox 181 2952 1178 3041; baseline -0.005 -21"><span class='ocrx_word' id='word_1_219' title='bbox 181 2975 292 3020; x_wconf 91' lang='lat' dir='ltr'>corum</span> <span class='ocrx_word' id='word_1_220' title='bbox 314 2954 440 3018; x_wconf 86' lang='lat' dir='ltr'>ratione</span> <span class='ocrx_word' id='word_1_221' title='bbox 463 2955 676 3020; x_wconf 89' lang='lat' dir='ltr'>concluditur:</span> <span class='ocrx_word' id='word_1_222' title='bbox 705 2952 761 3018; x_wconf 72' lang='lat' dir='ltr'>‘Si</span> <span class='ocrx_word' id='word_1_223' title='bbox 784 2960 873 3020; x_wconf 88' lang='lat' dir='ltr'>sunt</span> <span class='ocrx_word' id='word_1_224' title='bbox 896 2956 933 3020; x_wconf 88' lang='lat' dir='ltr'>di</span> <span class='ocrx_word' id='word_1_225' title='bbox 954 2978 1076 3041; x_wconf 89' lang='lat' dir='ltr'>neque</span> <span class='ocrx_word' id='word_1_226' title='bbox 1100 2959 1178 3022; x_wconf 89' lang='lat' dir='ltr'>ante</span> 
     </span>
     <span class='ocr_line' id='line_1_33' title="bbox 182 3040 1206 3127; baseline -0.001 -22"><span class='ocrx_word' id='word_1_227' title='bbox 182 3040 383 3106; x_wconf 88' lang='lat' dir='ltr'>declarant</span> <span class='ocrx_word' id='word_1_228' title='bbox 400 3040 636 3126; x_wconf 89' lang='lat' dir='ltr'>hominibus,</span> <span class='ocrx_word' id='word_1_229' title='bbox 654 3065 750 3126; x_wconf 90' lang='lat' dir='ltr'>quae</span> <span class='ocrx_word' id='word_1_230' title='bbox 767 3042 901 3109; x_wconf 89' lang='lat' dir='ltr'>futura</span> <span class='ocrx_word' id='word_1_231' title='bbox 919 3044 1009 3127; x_wconf 88' lang='lat' dir='ltr'>sint,</span> <span class='ocrx_word' id='word_1_232' title='bbox 1030 3051 1097 3111; x_wconf 90' lang='lat' dir='ltr'>aut</span> <span class='ocrx_word' id='word_1_233' title='bbox 1112 3051 1206 3109; x_wconf 71' lang='lat' dir='ltr'>non³⁰</span> 
     </span>
     <span class='ocr_line' id='line_1_34' title="bbox 182 3126 1178 3220; baseline 0 -26"><span class='ocrx_word' id='word_1_234' title='bbox 182 3129 352 3216; x_wconf 89' lang='lat' dir='ltr'>diligunt</span> <span class='ocrx_word' id='word_1_235' title='bbox 366 3126 539 3195; x_wconf 90' lang='lat' dir='ltr'>homines</span> <span class='ocrx_word' id='word_1_236' title='bbox 554 3135 632 3213; x_wconf 90' lang='lat' dir='ltr'>aut,</span> <span class='ocrx_word' id='word_1_237' title='bbox 651 3131 742 3215; x_wconf 89' lang='lat' dir='ltr'>quid</span> <span class='ocrx_word' id='word_1_238' title='bbox 756 3136 981 3197; x_wconf 89' lang='lat' dir='ltr'>eventurum</span> <span class='ocrx_word' id='word_1_239' title='bbox 996 3133 1061 3218; x_wconf 90' lang='lat' dir='ltr'>sit,</span> <span class='ocrx_word' id='word_1_240' title='bbox 1080 3135 1178 3220; x_wconf 88' lang='lat' dir='ltr'>igno·</span> 
     </span>
     <span class='ocr_line' id='line_1_35' title="bbox 181 3215 1177 3286; baseline 0.001 -5"><span class='ocrx_word' id='word_1_241' title='bbox 181 3221 270 3282; x_wconf 91' lang='lat' dir='ltr'>rant</span> <span class='ocrx_word' id='word_1_242' title='bbox 297 3220 363 3282; x_wconf 89' lang='lat' dir='ltr'>aut</span> <span class='ocrx_word' id='word_1_243' title='bbox 391 3215 629 3282; x_wconf 85' lang='lat' dir='ltr'>existumant</span> <span class='ocrx_word' id='word_1_244' title='bbox 655 3218 755 3282; x_wconf 92' lang='lat' dir='ltr'>nihil</span> <span class='ocrx_word' id='word_1_245' title='bbox 778 3219 970 3286; x_wconf 88' lang='lat' dir='ltr'>interesse</span> <span class='ocrx_word' id='word_1_246' title='bbox 992 3221 1177 3286; x_wconf 89' lang='lat' dir='ltr'>hominum</span> 
     </span>
     <span class='ocr_line' id='line_1_36' title="bbox 183 3303 1177 3389; baseline -0.001 -20"><span class='ocrx_word' id='word_1_247' title='bbox 183 3306 295 3389; x_wconf 84' lang='lat' dir='ltr'>scire,</span> <span class='ocrx_word' id='word_1_248' title='bbox 322 3304 413 3388; x_wconf 89' lang='lat' dir='ltr'>quid</span> <span class='ocrx_word' id='word_1_249' title='bbox 440 3304 492 3368; x_wconf 90' lang='lat' dir='ltr'>sit</span> <span class='ocrx_word' id='word_1_250' title='bbox 518 3303 704 3389; x_wconf 89' lang='lat' dir='ltr'>futurum,</span> <span class='ocrx_word' id='word_1_251' title='bbox 732 3312 798 3373; x_wconf 91' lang='lat' dir='ltr'>aut</span> <span class='ocrx_word' id='word_1_252' title='bbox 824 3330 900 3374; x_wconf 90' lang='lat' dir='ltr'>non</span> <span class='ocrx_word' id='word_1_253' title='bbox 923 3314 1083 3374; x_wconf 90' lang='lat' dir='ltr'>censent</span> <span class='ocrx_word' id='word_1_254' title='bbox 1105 3326 1177 3375; x_wconf 87' lang='lat' dir='ltr'>esse</span> 
     </span>
     <span class='ocr_line' id='line_1_37' title="bbox 182 3391 1175 3482; baseline -0.001 -24"><span class='ocrx_word' id='word_1_255' title='bbox 182 3414 271 3458; x_wconf 90' lang='lat' dir='ltr'>suae</span> <span class='ocrx_word' id='word_1_256' title='bbox 317 3391 538 3456; x_wconf 86' lang='lat' dir='ltr'>maiestatis</span> <span class='ocrx_word' id='word_1_257' title='bbox 582 3395 910 3482; x_wconf 84' lang='lat' dir='ltr'>praesignificare</span> <span class='ocrx_word' id='word_1_258' title='bbox 954 3397 1175 3472; x_wconf 89' lang='lat' dir='ltr'>hominibus,</span> 
     </span>
     <span class='ocr_line' id='line_1_38' title="bbox 182 3478 1204 3571; baseline 0.011 -29"><span class='ocrx_word' id='word_1_259' title='bbox 182 3500 277 3562; x_wconf 88' lang='lat' dir='ltr'>quac</span> <span class='ocrx_word' id='word_1_260' title='bbox 310 3483 399 3543; x_wconf 89' lang='lat' dir='ltr'>sunt</span> <span class='ocrx_word' id='word_1_261' title='bbox 428 3478 574 3563; x_wconf 88' lang='lat' dir='ltr'>futura,</span> <span class='ocrx_word' id='word_1_262' title='bbox 611 3485 676 3544; x_wconf 90' lang='lat' dir='ltr'>aut</span> <span class='ocrx_word' id='word_1_263' title='bbox 709 3504 752 3547; x_wconf 91' lang='lat' dir='ltr'>ea</span> <span class='ocrx_word' id='word_1_264' title='bbox 783 3505 829 3549; x_wconf 88' lang='lat' dir='ltr'>ne</span> <span class='ocrx_word' id='word_1_265' title='bbox 859 3486 936 3571; x_wconf 91' lang='lat' dir='ltr'>ipsi</span> <span class='ocrx_word' id='word_1_266' title='bbox 968 3486 1118 3570; x_wconf 88' lang='lat' dir='ltr'>quidem</span> <span class='ocrx_word' id='word_1_267' title='bbox 1145 3481 1204 3546; x_wconf 70' lang='lat' dir='ltr'>di³5</span> 
     </span>
    </p>
   </div>
   <div class='ocr_carea' id='block_1_3' title="bbox 0 0 1238 3934">
    <p class='ocr_par' dir='ltr' id='par_1_9' title="bbox 0 0 1238 3934">
     <span class='ocr_line' id='line_1_39' title="bbox 0 0 1238 3934; baseline 0 0"><span class='ocrx_word' id='word_1_268' title='bbox 0 0 1238 3934; x_wconf 95' lang='lat' dir='ltr'> </span> 
     </span>
    </p>
   </div>
  </div>
 </body>
</html>
