2490 3950
158 181 201 245 20
465 179 514 234 DE
533 180 684 234 NATURA
702 180 857 235 DEORUM

156 323 286 389 nionem
309 323 453 408 anquirit
475 325 602 390 animus
626 328 659 390 et
680 324 821 389 formam
844 327 877 389 et
894 324 982 389 ritae
1001 323 1175 389 actionem

127 411 339 528 8montisque
362 412 577 496 agitationem
598 412 634 477 in
657 412 725 478 deo.

104 465 138 592 ΞΘ
223 499 273 565 Ac
295 499 334 564 de
355 499 462 566 forma
484 500 614 586 quidem
635 501 757 586 partim
779 504 898 566 natura
917 521 978 565 nos
1002 499 1177 584 admonet,

156 588 278 672 partim
305 587 390 653 ratio
419 589 521 655 docet.
565 588 651 654 Nam
679 611 699 654 a
724 591 844 654 natura
869 588 1027 655 habemus
1051 610 1175 654 omnes

157 676 301 742 omnium
325 677 472 763 gentium
490 677 629 762 speciem
646 677 771 742 nullam
789 677 889 743 aliam
907 676 971 742 nisi
987 676 1175 742 humanam
1204 697 1217 736 ⁵

157 765 303 848 deorum,
333 786 415 848 quae
443 765 528 829 enim
550 764 657 830 forma
679 765 745 830 alia
767 765 906 831 occurrit
927 786 1084 848 umquam
1108 769 1175 830 aut

155 852 309 939 vigilanti
335 852 486 936 cuiquam
512 856 570 918 aut
597 853 791 918 dormienti?
836 849 900 919 Sed
920 875 962 918 ne
984 853 1097 918 omnia
1119 876 1176 918 re-

155 945 310 1006 vocentur
342 941 383 1005 ad
413 941 536 1025 primas
567 941 732 1006 notiones:
765 940 851 1006 ratio
880 940 943 1006 boc
973 940 1060 1006 idem
1092 942 1176 1026 ipsa

102 1046 137 1094 47
157 1029 308 1096 declarat.
353 1027 441 1094 Nam
468 1052 541 1095 cum
568 1029 896 1114 praestantissumam
917 1032 1084 1113 naturam,
1113 1030 1174 1095 vel

155 1116 232 1201 quia
249 1118 347 1182 beata
364 1121 416 1181 est
432 1117 485 1182 rel
503 1117 579 1202 quia
597 1117 802 1203 sempiterna,
824 1117 995 1183 convenire
1013 1116 1173 1184 rideatur
1189 1138 1216 1177 1⁰

155 1204 290 1270 eandem
313 1225 384 1268 esse
406 1204 672 1290 pulcherrimam,
695 1227 778 1289 quae
800 1205 982 1291 conpositio
1004 1207 1173 1272 membro-

153 1315 236 1377 rum,
268 1313 350 1375 quae
382 1292 597 1358 consumatio
624 1293 901 1378 liniamentorum,
934 1316 1016 1377 quae
1048 1295 1173 1380 figura,

154 1403 237 1464 quae
273 1380 396 1466 species
432 1381 575 1446 humana
610 1385 721 1467 potest
752 1403 822 1448 esse
853 1381 1041 1469 pulchrior?
1095 1383 1171 1449 Vos

154 1468 297 1552 quidem,
325 1467 443 1552 Lucili,
472 1469 586 1534 soletis
613 1466 704 1555 (nam
727 1467 826 1535 Cotta
852 1492 945 1536 meus
972 1471 1069 1536 modo
1093 1472 1171 1555 hoc,

154 1557 250 1623 modo
263 1555 368 1641 illud),
386 1579 460 1622 cum
478 1557 652 1623 artificium
670 1557 826 1643 effingitis
843 1557 1066 1642 fabricamque
1086 1560 1170 1625 divi·
1186 1579 1212 1618 1⁵

153 1667 243 1730 nam,
271 1667 369 1729 quam
397 1646 464 1710 sint
491 1645 600 1711 omnia
625 1646 662 1712 in
683 1647 824 1711 hominis
847 1647 955 1733 figura
975 1667 1043 1712 non
1065 1649 1170 1714 modo

154 1733 195 1798 ad
223 1755 331 1818 usum,
361 1756 474 1800 verum
501 1734 601 1800 etiam
628 1733 670 1799 ad
695 1738 901 1800 venustatem
924 1740 1016 1820 apta,
1047 1736 1169 1802 descri-

101 1836 135 1885 48
153 1822 238 1888 bere.
297 1822 419 1898 Quodsi
455 1822 599 1886 omnium
635 1822 851 1888 animantium
884 1821 1026 1888 formam
1061 1825 1170 1891 vincit

153 1910 294 1976 hominis
323 1910 444 1995 figura,
476 1908 554 1974 deus
582 1913 691 1974 autem
717 1910 876 1976 animansx
894 1916 958 1996 est,
990 1933 1029 1977 ea
1055 1913 1173 1998 figura·

152 1997 300 2083 profecto
323 1999 383 2080 est,
406 2018 489 2080 quae
511 1997 731 2083 pulcherrima
753 1999 797 2064 sit
814 1999 971 2084 oninium,
995 2001 1168 2084 quoniam·
1183 2023 1209 2060 rc

153 2108 215 2170 que
238 2085 315 2150 deos
338 2085 545 2150 beatissimos
568 2107 638 2150 esse
661 2090 800 2170 constat,
821 2088 937 2153 beatus
960 2091 1070 2153 autem
1092 2112 1168 2155 esse

154 2173 223 2238 sine
246 2171 368 2236 virtute
391 2193 486 2237 nemo
509 2177 620 2259 potest
642 2195 702 2239 nac
723 2175 828 2240 virtus
851 2175 921 2241 sine
943 2176 1071 2242 ratione
1089 2201 1168 2244 con-

153 2263 240 2326 stare
262 2281 322 2326 nec
343 2260 429 2326 ratio
451 2283 589 2345 usquam
610 2263 716 2328 inesse
738 2262 804 2327 nisi
824 2263 860 2328 in
880 2263 1023 2329 hominis
1045 2266 1167 2352 figura,

99 2363 133 2411 49
152 2348 294 2414 hominis
318 2370 393 2415 esse·
411 2350 517 2435 specie
536 2349 613 2416 deos
632 2351 850 2417 confitendum
868 2356 927 2417 est.
963 2351 1032 2418 Nec
1050 2358 1166 2420 tamen

152 2459 192 2502 ea
219 2437 342 2522 species
368 2459 485 2523 corpus
512 2441 576 2521 est,
607 2438 665 2502 sed
692 2439 786 2522 quasi
812 2461 942 2525 corpus,
973 2462 1033 2506 nec
1060 2441 1166 2508 habet
1180 2461 1206 2502 aa

101 2527 142 2591 19
153 2525 357 2613 sanguinem,
388 2525 445 2590 sed
474 2525 568 2610 quasi
594 2527 793 2612 sanguinem.
842 2526 932 2593 Haec
962 2551 1165 2613 quamquam

153 2619 186 2679 et
207 2615 341 2680 inventa
363 2617 440 2679 sunt
462 2615 588 2679 acutius
611 2618 645 2679 et
666 2615 754 2680 dicta
777 2615 929 2680 subtilius
948 2617 990 2682 ab
1009 2618 1164 2704 Epicuro,

153 2724 251 2785 quam
272 2706 310 2766 ut
334 2702 440 2785 quivis
463 2723 501 2766 ea
523 2703 629 2785 possit
651 2723 836 2788 agnoscere,
858 2708 968 2769 tamen
990 2705 1095 2771 fretus
1114 2707 1164 2772 in-

151 2789 341 2876 tellegentia
367 2793 479 2854 restra
505 2789 629 2856 dissero
655 2791 798 2876 brevius,
831 2813 930 2876 quam
957 2816 1056 2859 causa
1079 2795 1163 2860 desi-

151 2878 252 2942 derat.
297 2876 457 2962 Epicurus
485 2882 606 2961 autem,
633 2879 689 2963 qui
716 2901 767 2944 res
796 2883 939 2946 occultas
968 2888 1001 2947 et
1027 2883 1161 2967 penitus
1176 2902 1202 2942 ιο

151 2964 280 3029 abditas
297 2985 365 3029 non
382 2966 479 3030 modo
496 2966 615 3031 viderit
633 2967 751 3051 animo,
772 2967 832 3032 sed·
846 2968 946 3034 etiam
965 2970 1012 3035 sic
1029 2974 1162 3055 tractet,

150 3055 189 3117 ut
210 3074 318 3136 manu,
341 3051 435 3117 docet
458 3074 531 3119 eam
552 3076 623 3120 esse
645 3056 712 3120 rim
735 3059 769 3120 et
785 3060 938 3123 naturam
956 3059 1099 3140 deorum,
1122 3065 1163 3126 ut

150 3140 291 3226 primum
312 3161 380 3205 non
402 3162 506 3223 sensu,
528 3143 586 3207 sed
608 3147 715 3209 mente
738 3148 889 3209 cernatur
911 3168 970 3211 nec
993 3147 1161 3214 soliditate

151 3228 290 3312 quadam
320 3250 381 3294 nec
408 3229 449 3293 ad
475 3250 658 3312 numerum,
689 3235 727 3296 ut
755 3254 805 3314 aa,
834 3255 917 3317 quae
944 3235 1002 3299 ille
1024 3241 1161 3322 propter

149 3316 340 3400 firmitatem
362 3315 538 3401 στερέμνια
560 3320 720 3404 appellat;
746 3320 803 3385 sed
824 3321 1022 3407 imaginibus
1046 3325 1159 3393 simili·
1175 3344 1202 3384 as

149 3404 260 3470 tudine
292 3408 326 3470 et
357 3405 551 3471 transitione
577 3407 740 3494 perceptis
766 3429 839 3475 cum
867 3409 997 3477 infinita
1023 3411 1159 3478 simillu-

149 3514 276 3560 marum
298 3493 479 3581 imaginum
500 3494 598 3561 series
618 3519 657 3560 ex
675 3497 965 3565 innumerabilibus
983 3500 1159 3568 individuis
