2476 3936
339 182 446 240 L113.1.
469 183 544 240 car.
564 189 660 242 s-11.
679 189 694 250 e
714 190 826 240 ra-rr.
1020 185 1085 252 279

78 327 147 392 eiua
179 327 268 393 modi
297 349 407 394 euram
436 327 622 412 deposuerit
649 349 763 413 eaque,
793 349 875 413 quae
902 327 1086 398 denatura

78 418 322 499 quaereremur,
350 419 407 480 aut
429 414 567 499 maiora,
617 438 693 481 uam
714 416 884 485 hominum
905 417 990 484 ratio
1013 441 1086 486 con·

79 503 169 588 sequi
195 506 322 589 posset,
351 506 407 568 aut
433 501 517 568 nihil
544 437 684 590 ombrinc
712 504 753 570 ad
781 505 884 572 vitam
910 505 966 572 ho·
990 507 1030 588 [p.
1050 523 1083 574 37

78 592 202 658 minum
229 591 374 656 adtinere
397 591 522 657 dixerit.
562 590 648 657 Dein
669 591 812 659 Tubero:
839 592 972 679 Nescio,
998 594 1084 660 Afri·
1104 610 1138 659 ro

51 695 165 764 ruane,
183 701 241 744 cur
257 679 306 747 ita
323 679 498 745 memoriae
516 679 681 764 proditum
700 681 754 765 sit,
771 678 938 748 Socratem
956 705 1084 750 omnem

77 769 176 834 istam
209 767 462 853 disputationem
491 767 639 834 reiecisse
671 772 704 834 et
733 773 863 836 tantum
890 770 929 836 de
956 771 1025 836 vita
1051 775 1085 837 et

78 857 118 920 de
138 855 285 922 moribus
309 855 441 922 solitum
464 873 535 922 esse
553 877 716 940 quaerere.
752 856 855 934 Quem
873 857 958 924 enim
977 863 1085 926 auoto-

76 966 146 1009 rem
169 943 209 1010 de
231 944 291 1010 illo
308 943 560 1029 ,locupletiorem
577 944 716 1010 Platone
739 944 872 1012 laudare
889 947 1084 1030 possumus?

76 1033 167 1098 cuius
195 1032 231 1099 in
257 1031 349 1098 libris
377 1031 490 1098 multis
513 1032 593 1100 locis
615 1033 664 1098 ita
686 1033 832 1117 loquitur
854 1030 1018 1118 Socrates,
1047 1038 1084 1100 ut

39 1136 63 1176 ω
76 1121 192 1204 etiam,
215 1142 288 1185 cum
312 1119 350 1184 de
373 1119 531 1204 moribus,
554 1120 593 1185 de
615 1120 805 1204 virtutibus,
828 1120 963 1204 denique
987 1121 1026 1188 de
1048 1141 1084 1188 re

73 1209 208 1294 publica
226 1208 378 1293 disputet,
399 1205 561 1294 numetros
578 1212 689 1274 tamen
707 1211 740 1274 et
759 1209 972 1296 geometriam
994 1212 1034 1292 [p.
1049 1225 1084 1276 aa

75 1300 109 1362 et
141 1297 346 1363 harmoniam
374 1296 503 1362 studeat
529 1294 736 1383 Pythagorae
764 1319 853 1364 more
881 1297 1083 1385 coniungere.

74 1385 159 1450 'Ihm
178 1382 298 1469 Scipio:
322 1383 404 1450 Sunt
425 1384 500 1467 ista,
522 1387 560 1449 ut
582 1385 676 1468 dieis3
699 1383 755 1452 sed
777 1385 905 1452 audiam
927 1389 962 1454 te
980 1387 1084 1470 eredo,

75 1472 216 1556 Tubero,
237 1471 409 1539 Platonem
431 1470 563 1538 Socrate
587 1476 716 1539 mortuo
739 1473 880 1558 primum
902 1472 938 1541 in
955 1473 1083 1560 Aegyp

40 1576 62 1616 1⁵
74 1566 148 1627 tum
180 1560 322 1626 discendi
354 1581 464 1645 cause,
495 1564 572 1645 post
597 1561 633 1627 in
658 1559 790 1626 Italiam
817 1566 851 1626 et
877 1561 912 1626 in
939 1559 1083 1628 Siciliam

74 1649 294 1733 contendisse,
319 1651 357 1714 ut
378 1647 586 1800 Pythagorae
608 1647 741 1749 inventa
762 1649 971 1749 perdisceret,
998 1671 1083 1716 eum·
1147 1689 1149 1694 ,

74 1735 1083 1910 tnt⁰tttt¹dd01t⁹tttddtttbbtss

8 1957 9 1964 1
75 1937 213 1999 eumque
244 1935 282 1980 eo
314 1909 468 2000 tempolre
496 1913 532 1978 in
558 1912 599 1978 iis
626 1911 706 1978 locis
733 1909 942 1998 Pythagorae
971 1914 1012 1994 [p.
1031 1929 1082 1982 263

39 2017 196 2069 ”nomen
216 2001 352 2088 vigeret,
373 2001 467 2066 illum
490 2022 524 2066 se
547 2005 580 2066 et
601 2000 788 2066 hominibus
810 1998 1026 2086 Pythagoreis
1049 2004 1083 2067 et

74 2091 193 2157 studiis
207 2089 276 2156 illis
290 2089 424 2155 dedisse.
452 2087 568 2173 Itaque
582 2109 656 2155 cum
669 2086 836 2156 Socratem
849 2089 942 2154 unice
955 2088 1083 2154 dilexis·

75 2184 126 2246 set
145 2179 238 2262 eique
256 2177 365 2243 omnia
378 2176 521 2242 tribuere
539 2177 706 2261 voluisset,
724 2177 869 2263 leporem
882 2174 1083 2244 Socraticum

74 2267 357 2350 subtilitatemque
381 2261 538 2330 sermonis
561 2287 634 2330 cum
658 2265 855 2340 obscuritate
875 2262 1082 2350 Pythagorae

7 2355 8 2358 ’
74 2359 108 2421 et
132 2377 206 2420 cum
228 2353 287 2418 illa
309 2353 523 2437 plurimarum
546 2353 665 2418 artium
689 2353 850 2438 gravitate
873 2353 1046 2420 contexuit.
1093 2402 1132 2466 ll

41 2457 63 2498 ²⁵
141 2441 233 2508 Haec
246 2439 354 2526 Scipio
368 2463 441 2506 cum
455 2440 597 2524 dixisset,
614 2440 650 2505 L.
663 2439 797 2507 Turium
810 2443 943 2524 repente
955 2440 1081 2505 venien·
1102 2479 1134 2530 17

74 2537 144 2598 tem
158 2530 294 2614 aspexit,
312 2551 448 2613 eumque
462 2531 500 2594 ut
513 2527 677 2610 salutavit,
696 2527 889 2593 amicissime
900 2524 904 2614 Ι
917 2526 969 2592 ad-
983 2529 1083 2608 [paee

75 2618 249 2704 prehendit
275 2617 369 2682 etin
395 2617 479 2683 lecto
508 2637 566 2680 suo
589 2615 778 2682 conlocavit.
822 2613 962 2680 Etcum
985 2615 1083 2680 simul

75 2708 111 2774 P.
143 2705 287 2775 Rutilius
319 2706 476 2788 uenisset,
509 2703 564 2789 qui
584 2707 647 2769 est
675 2701 769 2769 nobis
799 2702 894 2769 huius
924 2702 1082 2768 sermonis

76 2800 202 2879 auctor,
225 2815 298 2862 eum
322 2815 448 2879 quoque
470 2795 509 2856 ut
531 2790 696 2874 salutavit,
718 2793 852 2876 propter
879 2789 1083 2858 Tuberonem

42 2884 175 2950 ”iussit
202 2882 356 2948 adsidere.
401 2880 484 2946 Tum
506 2878 638 2944 Furius:
665 2877 748 2954 Quid
774 2900 833 2944 uos
857 2877 977 2966 agitis?
1003 2901 1083 2948 num

76 2992 260 3038 sermonem
277 2972 423 3036 vestrum
437 2968 579 3053 aliquem
592 2966 722 3034 diremit
734 2970 846 3033 noster
859 2966 1082 3032 interventus?

7 3101 9 3148 ,
76 3060 212 3126 Minime
233 3080 325 3142 vero,
347 3057 535 3140 Africanum
561 3056 647 3122 soles
670 3055 756 3120 enim
778 3058 815 3120 tu
836 3055 917 3120 haec
940 3054 1082 3120 studiose

7 3149 9 3250 ᾗ
76 3147 290 3233 investigare,
318 3167 399 3230 quae
427 3143 563 3210 suntin
589 3144 652 3210 hoc
701 3164 808 3228 enere,
835 3143 873 3208 de
901 3164 964 3226 quo
991 3142 1083 3210 insti·

7 3251 9 3324 ψ
77 3240 188 3304 tuerat
214 3235 312 3320 paulo
340 3238 415 3300 ante
442 3232 570 3298 Tubero
597 3163 772 3319 quaeSrerm
803 3229 946 3295 Rutilius
971 3231 1011 3309 [p.
1031 3245 1081 3295 209

7 3325 9 3394 t
45 3325 210 3410 equidem
236 3326 348 3390 noster
374 3322 473 3386 etiam
500 3322 560 3386 sub
586 3320 667 3405 ipsis
688 3317 886 3384 Numantiae
913 3316 1082 3382 moenibus

80 3413 209 3480 solebat
231 3432 356 3476 mecum
373 3410 536 3475 interdum
554 3408 622 3474 eius
640 3407 728 3473 modi
746 3404 868 3489 aliquid
886 3404 1082 3489 conquirere.

80 3500 168 3578 Quae
190 3522 243 3564 res
266 3499 397 3564 tandem
418 3495 595 3564 inciderat?
618 3495 723 3580 inquit
744 3493 870 3559 Philus.
906 3491 989 3556 Tum
1011 3492 1082 3556 ille:
