2496 3934
156 201 204 265 80
483 199 533 254 DE
550 200 703 255 NATURA
720 199 874 254 DEORUM

153 348 248 410 nata
271 345 396 430 signis
419 349 535 429 etque
557 345 725 430 picturis
748 344 1023 427 instructaque
1046 343 1174 408 rebus

155 433 206 497 iis
242 434 431 519 omnibus,
468 433 606 518 quibus
644 432 840 497 abundant
875 432 917 515 ii,
954 431 1018 515 qui
1054 431 1175 495 beati

156 525 356 605 putantur,
385 543 454 588 nec
483 525 612 588 tamen
642 521 815 585 exissent
843 541 1020 603 umquam
1043 541 1175 604 supra

157 613 314 692 terram,
344 610 587 695 accepissent
614 612 740 673 antem
768 607 869 672 fame
897 611 934 672 et
962 606 1173 672 auditione

158 718 240 761 esse
273 697 460 781 quoddam
488 719 624 763 numen
655 700 693 760 et
724 696 799 762 vim
827 695 994 780 deorum,
1026 695 1199 760 deindes

158 785 289 868 aliquo
316 789 488 872 tempore
515 783 728 870 patefactis
755 789 884 849 terrae
911 783 1092 850 faucibus
1127 805 1174 848 ex

156 873 241 938 illis
260 873 406 938 abditis
426 873 581 938 sedibus
601 873 760 938 evadere
778 873 817 937 in
834 872 926 938 haec
945 872 1043 955 loca,
1067 893 1173 956 qnae

156 983 224 1025 nos
247 961 466 1046 incolimus,
490 966 604 1045 atque
623 961 727 1025 exire
745 961 982 1046 potuissent:
1006 981 1088 1025 oum
1111 982 1174 1024 re-

155 1051 271 1134 pente
303 1053 446 1115 terram
478 1053 515 1115 et
547 1049 667 1114 maria
699 1049 922 1133 caelumque
954 1047 1168 1126 vidissent,

156 1138 313 1202 nubium
349 1137 654 1222 magnitudinem
685 1141 961 1221 ventorumque
993 1135 1071 1201 vim
1107 1155 1208 1202 οο-ιο

157 1225 386 1308 gnovissent
410 1226 731 1310 aspexissentque
755 1225 875 1290 solem
899 1224 1056 1308 eiusque
1080 1247 1171 1289 cum

156 1312 463 1397 magnitudinem
489 1313 913 1398 pulchritudinemque,
940 1314 1020 1378 tum
1043 1311 1171 1378 etiam

156 1398 415 1464 efficientiam
444 1402 734 1486 cognovissent,
766 1401 864 1485 quod
891 1399 924 1464 is
952 1400 1050 1464 diem
1075 1397 1170 1464 effi-

156 1491 262 1552 ceret
289 1491 373 1553 toto
401 1489 508 1554 caelo
539 1489 621 1554 luce
645 1487 804 1574 diffusa,
831 1511 912 1554 eum
936 1493 1064 1553 autem
1086 1492 1170 1553 ter·

155 1597 217 1640 ras
249 1597 323 1641 nox
352 1581 568 1661 opacasset,
601 1580 679 1641 tum
707 1577 853 1641 caelum
880 1580 1005 1652 totum
1033 1593 1205 1642 cerne-1⁵

154 1667 241 1728 rent
278 1665 397 1729 astris
435 1665 663 1730 distinctum
695 1666 732 1729 et
764 1667 940 1729 ornatum
971 1665 1168 1750 lunaeque

155 1752 342 1817 luminum
371 1752 605 1818 varietatem
634 1757 714 1816 tum
742 1753 965 1837 crescentis
997 1757 1079 1817 tum
1108 1775 1168 1820 se·

154 1841 352 1905 nascentis
380 1862 584 1925 corumque
613 1841 778 1906 omnium
806 1844 913 1905 ortus
942 1845 979 1906 et
1002 1862 1167 1906 occasus

155 1931 272 2011 atque
301 1927 339 1990 in
368 1928 470 1993 omni
499 1929 735 1993 aeternitate
762 1932 868 1994 ratos
891 1929 1167 1996 inmutabiles-

154 2037 225 2100 que
262 2036 410 2098 cursus3
446 2037 540 2100 quae
574 2038 656 2082 cum
687 2017 876 2102 viderent,
912 2017 1091 2102 profecto
1128 2020 1203 2082 eta

155 2123 238 2168 esse
262 2101 351 2167 deos
375 2104 527 2168 ethaeo
550 2108 661 2170 tanta
684 2126 799 2189 opera
822 2105 976 2169 deorum
1000 2127 1085 2170 esse
1104 2128 1166 2170 ar·

101 2161 423 2290 ggbitrarentur?
468 2189 576 2276 Atque
598 2193 678 2258 haee
701 2191 830 2276 quidem
851 2193 916 2257 ille.
957 2191 1027 2258 Nos
1051 2197 1165 2258 autem

153 2279 305 2343 tenebras
324 2278 504 2364 cogitemus
522 2284 641 2363 tantas
661 2284 800 2364 quantae
815 2280 976 2365 quondam
991 2283 1165 2367 eruptione

65 2447 69 2453 ⁵
153 2366 372 2431 Aetnaeorum
408 2367 533 2452 ignium
566 2368 722 2432 finitimas
755 2368 903 2454 regiones
936 2370 1164 2435 obscuravisse

154 2455 315 2540 dicuntur,
340 2458 377 2520 ut
399 2477 458 2539 per
479 2455 613 2520 biduum
635 2477 729 2521 nemo
752 2456 917 2521 hominem
939 2456 1037 2524 homo
1062 2480 1163 2545 agno-
1177 2473 1200 2515 2⁵

153 2547 268 2627 sceret,
298 2565 371 2609 cum
402 2547 510 2608 autem
537 2544 634 2608 tertio
664 2545 714 2608 die
742 2544 792 2608 sol
815 2545 998 2630 inluxisset,
1028 2551 1100 2612 tum
1124 2551 1163 2610 ut

152 2632 307 2696 revixisse
331 2631 393 2695 sibi
412 2630 606 2696 viderentur.
643 2630 764 2706 Quodsi
781 2631 843 2698 hoc
861 2632 946 2698 idem
966 2655 1004 2698 ex
1019 2635 1162 2700 aeternis

151 2719 294 2784 tenebris
308 2719 522 2804 contingeret,
534 2723 572 2783 ut
586 2720 694 2784 subito
709 2720 813 2785 lucem
825 2722 1050 2806 aspiceremus,
1065 2746 1163 2807 quae·

151 2829 228 2871 nam
247 2806 367 2890 speeies
387 2807 468 2871 caeli
486 2806 670 2873 videretur?
703 2805 764 2873 Sed
783 2808 977 2874 adsiduitate
996 2811 1162 2878 cotidiana

152 2898 184 2959 et
207 2893 436 2959 consuetudine
460 2895 626 2960 oculorum
650 2895 842 2961 adsuescunt
865 2898 965 2962 animi
982 2919 1088 2983 neque
1108 2900 1197 2965 ad·³⁰

151 2982 311 3046 mirantur
333 3002 436 3064 neque
460 2982 628 3065 requirunt
646 2984 788 3049 rationes
808 3006 918 3050 earum
936 3007 1054 3072 rerum,
1079 3009 1161 3072 quas

151 3091 278 3154 semper
300 3069 420 3152 vident,
441 3069 576 3153 proinde
600 3072 693 3154 quasi
710 3071 838 3137 novitas
857 3094 916 3138 nos
936 3074 1042 3160 magis
1061 3098 1162 3161 quam

150 3156 341 3244 magnitudo
373 3177 480 3222 rernm
513 3157 629 3222 debeat
657 3159 698 3223 ad
725 3160 936 3244 exquirendas
965 3185 1080 3228 causas
1110 3187 1164 3230 ex-

98 3259 131 3307 07
152 3247 260 3311 citare.
306 3243 384 3319 Quis
417 3245 503 3309 enim
534 3245 620 3310 hunc
647 3246 811 3311 hominem
839 3248 969 3334 dixerit,
1002 3251 1058 3335 qui
1087 3273 1160 3317 eum

150 3337 219 3398 tam
247 3335 352 3397 certos
381 3333 462 3396 caeli
489 3335 611 3415 motus,
638 3337 707 3398 tam
729 3338 818 3399 ratos
842 3341 1005 3402 astrorum
1029 3339 1159 3405 ordines
1174 3353 1197 3396 ³⁵

149 3424 284 3504 tamque
306 3420 392 3483 inter
416 3441 450 3483 se
474 3419 582 3483 omnia
605 3440 725 3484 conexa
748 3426 780 3486 et
804 3427 882 3508 apta
904 3425 1035 3509 viderit,
1059 3431 1160 3513 neget

149 3509 184 3572 in
212 3507 263 3572 his
291 3507 394 3572 ullam
422 3507 527 3570 inesse
554 3507 714 3572 rationem
741 3530 842 3593 eaque
869 3533 946 3577 casu
967 3513 1039 3577 fieri
1064 3514 1161 3599 dicat,
