2490 3950
195 205 216 266 4
502 161 891 252 nunsrumouonurr

196 343 241 408 sit,
259 341 339 395 nulla
356 343 449 395 autem
468 339 527 394 sine
542 339 652 393 achone
665 337 763 403 virtus,
781 354 816 391 ne
831 337 898 392 deos
913 336 1026 405 quidem
1044 336 1115 392 illos
1139 339 1227 396 otio·

195 429 241 494 sos
259 413 357 466 beatos
376 427 436 465 esse
449 426 540 480 posse,
559 426 628 478 quos
641 425 731 490 neque
750 409 896 477 voluptate
911 408 1034 477 corporis
1049 407 1095 461 uti
1114 425 1225 492 posse,

194 479 992 630 &attentatusdamiath
1010 479 1226 606 sallat

195 641 290 694 posse,
310 624 420 678 etcum
442 638 551 691 semper
567 621 714 690 pulsentur
731 635 888 672 meursrone
912 621 1069 672 atomorum
1089 623 1122 673 et
1143 622 1225 676 ima·

196 695 275 764 gines
293 710 327 748 ex
345 692 415 764 ipsis
430 709 540 774 semper
557 691 680 756 effluant,
698 707 755 744 non
767 705 850 759 posse
863 705 921 743 non
934 689 1082 744 interitum
1097 690 1223 760 timere,

195 765 226 819 id
244 765 319 834 qnod
335 763 505 818 beatitudim
525 779 638 833 prorsus
657 761 827 814 contrarium
845 775 906 814 esse
929 759 1060 814 videatur
1078 763 1160 832 (cap.
1186 772 1224 818 37

197 843 269 890 -41
294 836 494 902 §lot-114).
532 832 669 896 Quoniam
691 833 784 885 autem
807 829 913 884 otiosos
932 830 999 884 deos
1022 829 1225 888 introducant

196 904 328 976 Epicurei
348 905 456 959 nullam
476 919 568 958 rerum
592 904 775 956 humanarum
793 916 887 954 curam
903 900 1052 966 habentes,
1071 902 1154 956 nihil
1178 904 1223 958 iu-

196 979 295 1030 vantes
317 974 458 1040 homines,
481 990 592 1028 omnem
610 972 790 1026 sanctitatem
807 971 923 1025 deorum
941 972 971 1024 et
992 969 1145 1026 hominum
1168 975 1223 1027 ad-

196 1064 292 1101 versus
311 1063 359 1100 eos
381 1045 529 1116 pietatem,
553 1059 720 1112 quamquam
741 1040 833 1096 verbis
852 1040 896 1094 illi
918 1043 1036 1112 ponant,
1060 1058 1091 1097 re
1111 1045 1222 1099 tamen

197 1118 296 1172 tollore
315 1119 386 1186 (cap.
406 1122 511 1170 41-44
529 1120 544 1179 ξ
565 1118 721 1181 lla-124).

594 1277 805 1286 —ss—-a-

166 1375 183 1437 Ῑ
266 1399 348 1466 Cum
376 1400 496 1464 multae
524 1397 633 1462 resin
659 1397 866 1484 philosophia
895 1418 1101 1482 nequaquam
1126 1402 1219 1464 satis

166 1457 302 1554 ladhue
331 1488 508 1573 explicatae
539 1486 630 1573 sint,
646 1491 716 1550 tum
739 1485 952 1571 perdifficilis,
980 1485 1095 1570 Brute,
1121 1491 1217 1572 quod

198 1582 235 1642 tu
258 1577 389 1641 minime
412 1575 554 1662 ignoras,
577 1578 609 1638 et
632 1575 828 1660 perobscura
845 1574 990 1658 quaestio
1015 1579 1065 1638 est
1089 1575 1128 1639 de
1155 1599 1218 1641 na·

198 1671 273 1732 tura
300 1665 445 1749 deorum,
474 1686 555 1748 quae
582 1667 614 1727 et
642 1662 683 1727 ad
705 1662 904 1748 agnitionem
928 1662 1028 1726 animi
1055 1663 1217 1747 pulcher-

198 1755 281 1819 rima
313 1756 363 1818 est
394 1755 427 1818 et
458 1752 499 1816 ad
531 1750 760 1816 moderandam
791 1749 982 1835 religionem
1013 1754 1243 1816 necessarias

199 1843 248 1907 De
268 1863 332 1926 qua
349 1845 419 1904 tam
436 1840 545 1904 variae
564 1842 640 1902 sunt
659 1838 918 1902 doctissimorum
936 1837 1105 1902 hominum
1124 1842 1218 1905 tam-
1242 1913 1243 1924 ,

200 1951 261 2014 que
281 1929 499 2012 discrepantes
519 1925 708 2010 sententiae,
730 1930 766 1991 ut
785 1947 903 2012 magno
923 1931 1115 2012 argumento
1135 1950 1217 1994 esse

202 2018 317 2082 debeat
331 2037 461 2081 causam
476 2019 508 2079 et
526 2014 719 2100 principium
738 2014 963 2100 philosophiae
982 2036 1052 2079 esse
1070 2015 1216 2081 inscien-

199 2105 294 2186 tiam,
322 2103 559 2189 prudenterque
582 2102 791 2168 Academicos
820 2125 839 2166 a
866 2102 961 2166 rebus
988 2103 1121 2168 incertis
1156 2106 1215 2170 ad-

201 2191 382 2256 sensionem
410 2190 600 2256 eohibuisse.
637 2189 721 2264 Quid
743 2194 793 2254 est
816 2190 901 2254 enim
930 2191 1115 2255 temeritate
1138 2196 1240 2256 tur-1

200 2279 294 2366 pius?
318 2283 374 2343 aut
399 2278 475 2363 quid
498 2282 566 2343 tam
584 2277 792 2342 temerarium
814 2283 945 2362 tamque
968 2278 1137 2363 indignum
1161 2303 1214 2346 sa-

200 2367 319 2454 pientis
348 2365 510 2454 gravitate
538 2370 635 2450 atque
662 2366 844 2431 constantia
872 2388 969 2449 quam
999 2371 1055 2430 aut
1084 2366 1214 2433 falsum

202 2456 320 2520 sentire
351 2459 421 2538 aut,
449 2454 534 2538 quod
560 2454 728 2518 nonsatis
757 2455 923 2538 explorate
949 2458 1138 2538 perceptum
1166 2459 1215 2520 sit

165 2548 234 2609 aet
261 2543 440 2630 cognitum,
468 2543 536 2607 sine
559 2543 628 2606 ulla
650 2541 851 2606 dubitatione
880 2539 1069 2607 defendere?
1105 2541 1214 2608 Velut

201 2633 235 2698 in
258 2632 319 2697 hac
343 2630 529 2716 quaestione
552 2629 710 2715 plerique,
734 2631 820 2714 quod
846 2629 985 2694 maxime
1007 2630 1077 2694 veri
1099 2630 1213 2698 simile
1229 2653 1242 2690 n

201 2724 264 2804 est,
297 2724 329 2786 et
357 2741 420 2804 quo
453 2739 562 2782 omnes
591 2717 669 2782 duce
700 2721 818 2782 natura
843 2717 1003 2801 venimus,
1030 2718 1107 2783 deos
1136 2741 1213 2786 esse

201 2807 364 2890 dixerunt,
387 2805 535 2870 dubitare
558 2827 592 2870 sc
614 2805 826 2890 Protagoras,
848 2806 956 2870 nullos
980 2827 1050 2870 esse
1073 2808 1212 2873 omnino

201 2893 362 2981 Diagoras
385 2893 501 2958 Melius
525 2897 557 2958 et
580 2891 766 2957 Theodorus
784 2891 976 2976 Cyrenaicus
1000 2898 1212 2979 putaverunt.
1241 2957 1242 2966 ἶ

202 2981 264 3058 Qui
286 3003 362 3047 vero
387 2981 462 3046 deos
486 3003 556 3048 esse
580 2980 740 3064 dixerunt,
768 2985 860 3045 tanta
888 2985 963 3045 sunt
990 2982 1024 3046 in
1047 2983 1211 3048 varietate

202 3073 235 3135 et
268 3067 479 3153 dissensione,
511 3072 548 3136 ut
580 3091 690 3133 eorum
722 3070 896 3133 molestum
928 3069 972 3133 sit
1004 3070 1241 3136 dinumerans

201 3157 388 3224 sententias.
421 3155 508 3221 Nam
531 3161 564 3220 et
586 3155 625 3219 de
646 3156 760 3240 figuris
784 3157 915 3220 deorum
939 3161 972 3220 et
994 3158 1033 3221 de
1056 3158 1136 3223 locis
1163 3165 1212 3223 at-

203 3267 263 3330 que
294 3245 421 3311 sedibus
453 3248 485 3309 et
515 3243 640 3308 actione
670 3242 756 3308 vitae
784 3245 888 3309 multa
916 3245 1077 3330 dicuntur,
1106 3247 1211 3330 deque

202 3333 253 3400 his
277 3355 403 3400 sumina
426 3330 694 3416 philosophorum
718 3331 915 3398 dissensione
937 3337 1093 3418 certatur;
1121 3336 1212 3418 quod

202 3443 278 3488 vero
310 3419 449 3487 maxime
480 3439 548 3482 rem
580 3439 774 3502 causamque
805 3420 962 3503 continet,
989 3425 1097 3486 utrum
1124 3423 1211 3487 nihil

208 3512 312 3592 “rant
333 3506 416 3572 nihil
440 3505 625 3588 moliantur,
648 3507 736 3569 omni
759 3508 923 3572 curatione
947 3512 979 3572 et
1003 3509 1211 3575 administra·
1226 3529 1241 3566 a
