2490 3950
146 199 189 262 12
452 197 503 250 DE
519 197 672 250 sirm
689 193 844 248 DEOROE

145 342 322 407 oblectatio
344 341 427 407 deo?
450 363 533 425 quae
556 341 585 404 si
607 343 703 423 11111,
723 361 790 405 non
812 361 851 403 11
872 343 942 402 tam
964 337 1019 400 diu
1041 358 1154 402 carere

91 444 126 492 13
144 430 315 515 potuisset.
359 428 414 492 An
439 429 534 512 haec,
562 433 601 492 nt
621 428 691 492 fere
712 427 834 510 dicitis,
862 426 1030 492 hominum
1053 446 1154 489 causa

145 541 166 583 a
188 517 248 582 deo
270 517 451 582 constituta
472 518 574 580 sunt?
614 514 879 600 Sapientiumne?
914 513 1053 598 Propter
1074 535 1153 598 pau-

145 627 200 671 cos
222 606 326 690 igitur
346 607 443 669 tanta
464 609 515 670 est
535 604 625 669 facta
646 625 756 668 rerum
777 603 915 668 molitio.
959 602 1014 665 An
1035 602 1154 665 stulto

145 693 240 758 rum?
285 693 332 757 At
363 693 505 777 primurn
532 715 630 757 causa
655 714 722 756 non
747 692 824 775 fuit,
855 713 912 756 cur
939 691 977 754 de
1003 689 1184 773 inprobise
1234 755 1235 770 ἦ

145 781 228 846 benc
245 785 437 864 mereretu13
460 780 573 845 deinde
586 780 664 864 quid
677 786 728 844 est
741 779 933 845 adsecutus?
953 800 1025 842 cum
1039 799 1155 841 omnes
1234 805 1235 838 2

147 869 241 934 stulti
268 869 335 934 sint
362 870 432 934 sine
456 869 553 933 dubio
576 869 764 951 miserrimi,
785 868 925 932 maxime
947 866 1034 950 quod
1057 866 1155 930 stulti
1234 913 1235 916 ¹

146 962 238 1040 sunt3
269 958 418 1022 miserius
446 957 533 1022 enim
560 957 704 1021 stultitia
730 957 808 1040 quid
829 975 1000 1040 possumus
1024 953 1155 1018 dicere?
1234 1021 1235 1040 ,

146 1045 259 1110 deinde
282 1046 369 1130 quod
389 1047 438 1110 ita
460 1046 569 1110 multa
590 1048 666 1108 sunt
683 1044 889 1109 incommoda
905 1043 940 1108 111
957 1043 1035 1125 vita,
1057 1045 1098 1106 ut
1116 1064 1156 1106 ea
1234 1041 1235 1124 1

146 1134 309 1218 sapientes
339 1135 582 1198 commodorum
611 1132 861 1216 conpensatione
887 1131 1024 1211 leniant,
1056 1131 1155 1194 stulti
1170 1147 1196 1188 1⁰
1234 1149 1235 1190 ς

95 1227 205 1291 101111
228 1221 332 1285 vitare
353 1221 518 1286 venientia
539 1221 666 1305 possint
683 1242 742 1285 nee
758 1219 844 1284 forre
861 1218 1053 1304 praesentia
1092 1217 1157 1294 Qui
1234 1219 1235 1310 1

145 1330 223 1374 vero
255 1308 410 1374 mundum
442 1309 550 1393 ipsum
582 1309 780 1372 animantem
811 1307 1053 1391 sapientemque
1083 1328 1156 1371 esse
1234 1323 1235 1374 ξ

147 1397 309 1480 dixerunt,
336 1396 427 1461 nullo
455 1396 551 1461 modo
573 1397 736 1479 viderunt,
764 1394 865 1460 animi
886 1398 1005 1460 natura
1026 1395 1156 1459 intelle
1234 1403 1235 1478 1

147 1484 254 1571 gentis
276 1483 312 1548 in
334 1505 431 1568 quam
453 1484 594 1570 figuram
616 1485 729 1550 cadere
751 1486 876 1568 posset3
899 1483 938 1548 de
962 1504 1024 1567 quo
1046 1482 1156 1548 dicam
1234 1485 1235 1536 3

93 1589 127 1638 14
147 1572 296 1657 equidem
315 1572 414 1657 paulo
432 1575 522 1657 post3
543 1593 629 1636 nuno
646 1577 756 1636 autem
773 1571 942 1636 hactenus:
966 1571 1156 1636 admirabor
1170 1588 1195 1628 1⁵
1234 1569 1235 1654 {

146 1681 257 1725 eorum
280 1659 478 1744 tarditatem,
501 1660 558 1744 qui
581 1660 779 1724 animantem
799 1659 1007 1725 inm01talem
1025 1662 1059 1723 et
1078 1682 1155 1724 eun-
1234 1687 1235 1690 ¹

146 1748 219 1813 dem
249 1748 382 1813 beatum
413 1749 588 1813 rotundum
620 1769 691 1812 esse
718 1745 833 1831 velint,
866 1747 952 1831 quod
978 1769 1016 1812 ea
1044 1747 1156 1814 forma
1234 1747 1235 1824 ,

144 1839 242 1922 neget
274 1836 377 1900 ullam
408 1857 478 1900 esse
509 1836 726 1919 pulchriorem
753 1835 858 1901 Plato.
907 1834 954 1900 At
986 1835 1067 1899 mihi
1099 1838 1155 1901 vel
1234 1849 1235 1906 3

145 1922 283 2008 cylindri
312 1923 364 1986 vel
393 1923 543 2006 quadrati
570 1923 623 1988 vel
650 1924 723 1988 coni
749 1924 802 1988 vel
824 1922 1001 2008 pyramidis
1023 1923 1155 1988 videtur
1234 1915 1235 1994 ᾗ

145 2032 216 2075 esse
238 2009 420 2075 formosior.
457 2007 545 2085 Quae
566 2032 645 2075 vero
667 2011 736 2076 vita
757 2011 913 2076 tribuitur
935 2011 992 2075 isti
1009 2013 1154 2078 rotundo
1168 2030 1194 2069 2⁰
1234 1999 1235 2080 ]

145 2097 226 2163 deo?
263 2095 388 2181 Nempe
414 2099 452 2160 ut
474 2119 513 2162 ea
536 2098 702 2164 celeritate
724 2103 988 2183 contorqueatur,
1017 2100 1068 2164 cui
1091 2123 1155 2184 par
1234 2111 1235 2156 ἰ

143 2185 236 2251 nulla
266 2205 306 2250 ne
339 2183 477 2270 cogitari
504 2185 633 2270 quidem
660 2186 779 2271 possit3
810 2187 845 2250 in
872 2209 936 2270 qua
963 2208 1029 2251 non
1056 2188 1154 2254 video
1234 2185 1235 2248 ]

144 2271 277 2338 ubinam
304 2293 395 2338 mens
423 2277 574 2338 constans
598 2278 631 2339 et
653 2275 722 2339 vita
743 2275 841 2339 beata
863 2275 969 2359 possit
990 2274 1153 2342 insistere.

144 2359 298 2444 Quodque
334 2360 369 2425 111
404 2364 516 2426 nostro
548 2383 681 2447 corpore
714 2362 742 2426 si
777 2362 912 2427 minima
944 2384 983 2427 11
1014 2365 1154 2448 parte†
1234 2409 1235 2448 3

143 2447 564 2604 {illuduntur
587 2451 815 2602 distairid
837 2450 1153 2606 tumst
1167 2468 1193 2510 ²⁵

143 2621 254 2691 mundi
286 2645 362 2711 pars
395 2629 460 2709 est,
491 2647 567 2710 pars
599 2628 649 2690 est
677 2625 777 2690 etiam
804 2563 863 2691 ddi.
913 2561 1017 2710 Atqui
1043 2632 1152 2694 terrae
1234 2657 1235 2662 ¹

143 2733 310 2779 maxumas
343 2713 491 2799 regiones
520 2711 745 2778 inhabitabilis
773 2717 870 2797 atque
897 2715 1036 2780 incultas
1064 2717 1152 2781 vide

143 2819 229 2884 mus,
261 2799 346 2884 quod
373 2820 449 2885 pars
480 2821 590 2866 earum
613 2801 750 2885 adpulsu
773 2802 852 2866 solis
875 2803 1040 2887 exarserit,
1071 2827 1151 2888 pars

143 2885 323 2973 obriguerit
358 2886 432 2953 nive
464 2887 642 2974 pruinaque
669 2888 848 2973 longinquo
876 2890 954 2954 solis
982 2891 1151 2977 abscessu3
1165 2910 1191 2950 ³⁰

143 2993 238 3062 quae,
274 2973 302 3040 11
333 2975 470 3041 mundus
503 2979 553 3040 est
586 2975 677 3060 deus,
710 2977 862 3059 quoniam
894 2976 1005 3042 mundi
1036 2983 1150 3063 partes

143 3065 228 3145 sunt,
252 3059 302 3126 del
325 3062 470 3128 membra
492 3063 614 3150 partim
637 3064 792 3148 ardentia,
814 3066 936 3148 partim
954 3065 1151 3152 refrigerata
1234 3077 1235 3152 1

143 3147 277 3216 dicenda
300 3154 383 3216 sunt.

89 3251 122 3300 11
208 3235 317 3323 Atque
348 3237 427 3304 hacc
455 3238 583 3324 quidem
610 3241 732 3323 vestra,
763 3238 876 3305 Lucili.
926 3240 1043 3316 Qualia
1069 3265 1149 3308 vero
1234 3267 1235 3280 ¹

141 3323 242 3408 †ost,
273 3324 314 3392 ab
344 3325 460 3392 ultimo
490 3329 634 3409 repetam
662 3327 873 3412 superiorum.
918 3328 1038 3394 Thales
1062 3331 1148 3396 enim
1163 3347 1189 3391 rs

141 3411 297 3498 Mucius,
316 3413 371 3498 qui
389 3412 512 3498 primus
532 3413 570 3476 de
588 3413 710 3479 talibus
728 3414 826 3479 rebus
841 3417 1010 3501 quaesivit,
1029 3439 1148 3502 aquam

251 3519 320 3564 1111
347 3497 476 3564 initium
503 3519 623 3584 rerum,
652 3500 746 3566 deum
769 3505 879 3567 autern
902 3526 973 3569 eam
996 3510 1148 3592 mentem,
