2478 3936
146 94 149 96 ’
170 142 213 206 62
477 139 527 192 nn
545 138 697 220 renunc
713 137 868 193 necnon

169 287 374 368 moveantur3
396 305 480 369 quae
502 283 589 348 enim
609 285 719 368 potest
737 282 843 347 maior
860 283 952 348 esse?
979 282 1099 348 Restat
1116 282 1179 368 igi-
1223 299 1224 360 l

169 379 236 451 tur,
267 377 305 438 ut
335 377 444 438 motus
476 375 640 437 astrorum
671 371 715 435 sit
742 371 956 435 voluntarius.
1002 369 1091 446 Quae
1121 371 1179 455 qui

169 463 287 545 videat,
309 481 375 526 non
395 461 525 526 indocte
548 460 663 543 solum,
684 481 799 524 verum
821 459 920 522 etiam
942 458 1043 543 impie
1065 459 1178 543 faciat,
1223 473 1224 546 ᾗ

171 551 200 614 si
223 550 299 614 deos
322 570 393 614 esse
414 553 521 635 neget
555 547 625 613 Nec
642 568 720 611 sane
738 547 878 611 multum
895 547 1043 630 interest,
1066 551 1179 611 utrum
1223 547 1224 630 l

171 638 205 702 id
225 641 324 722 neget
347 660 390 702 an
411 659 466 702 eos
489 636 579 702 omni
599 635 827 720 procuratione
849 638 947 718 atque
966 634 1095 699 actione
1112 636 1180 720 pri·
1207 633 1224 695 sl

171 729 240 808 vet3
267 725 349 790 mihi
370 726 470 807 enim,
497 725 554 807 qui
574 723 659 788 nihil
681 722 764 809 agit,
795 745 865 787 esse
888 723 1019 788 omnino
1043 745 1110 788 non
1133 723 1180 788 vi-

172 815 274 878 detur.
318 813 400 878 Esse
428 814 530 899 igitur
560 812 636 876 deos
663 811 712 876 ita
740 811 946 895 perspicuum
969 813 1034 896 est,
1057 815 1114 895 ut,
1146 811 1181 875 id

122 903 228 1014 17qui
248 905 355 988 neget,
377 901 432 968 vix
455 923 528 966 eum
551 921 649 964 sanae
670 900 789 964 mentis
813 899 1003 963 existimem.
1223 949 1224 984 3

120 1030 153 1078 45
237 990 363 1073 Restat,
384 993 430 1073 ut,
454 987 559 1074 qualis
579 1009 692 1052 eorum
710 991 829 1052 natura
848 987 900 1071 sit,
923 987 1181 1071 consideremus3
1223 997 1224 1082 l

171 1078 206 1144 in
233 1101 296 1163 quo
318 1077 403 1141 nihil
427 1082 477 1141 est
500 1075 663 1141 difficilius
686 1098 785 1160 quam
808 1098 828 1140 a
850 1076 1082 1140 consuetudine
1107 1098 1182 1141 ocu·
1195 1085 1224 1160 1⁰}

172 1168 279 1230 lorum
304 1165 406 1230 aciem
428 1165 546 1229 mentis
570 1164 736 1230 abducere.
780 1163 831 1229 Ea
853 1163 1028 1228 difficultas
1051 1164 1182 1228 induxit
1223 1163 1224 1226 l

173 1257 206 1317 et
228 1253 328 1338 vulgo
350 1252 507 1336 inperitos
527 1256 560 1316 et
578 1253 701 1316 similes
719 1251 933 1336 philosophos
952 1252 1182 1337 inperitorum,

172 1345 210 1404 ut
236 1340 301 1404 nisi
327 1340 441 1425 figuris
467 1340 636 1405 hominum
665 1340 852 1405 constitutis
874 1339 958 1404 nihil
980 1345 1117 1424 possent
1141 1341 1181 1405 de

173 1428 223 1493 ‹lis
245 1427 473 1492 inmortalibus
497 1428 655 1513 cogitare,
677 1428 767 1493 cuius
786 1427 947 1513 opinionis
967 1428 1087 1493 levitas
1107 1451 1182 1494 con·
1223 1495 1224 1508 ,

172 1517 281 1582 tutata
308 1539 328 1580 a
350 1514 449 1581 Cotta
473 1538 541 1580 non
567 1516 729 1580 desiderat
752 1515 932 1581 orationem
954 1537 1070 1580 meam.
1117 1515 1183 1580 Sed
1196 1511 1224 1602 ¹⁵l

173 1627 246 1672 cum
275 1604 376 1670 talem
407 1626 476 1669 esse
506 1604 601 1670 deum
630 1607 723 1686 certa
745 1604 878 1668 notione
905 1602 1007 1668 animi
1028 1627 1182 1689 praesen·
1223 1611 1224 1684 l

173 1695 306 1777 tianius,
337 1693 478 1778 primum
508 1696 545 1757 ut
573 1693 616 1757 sit
643 1693 804 1776 animans,
837 1691 949 1756 deinde
972 1695 1010 1757 ut
1031 1693 1068 1756 in
1090 1695 1183 1758 omni

172 1787 291 1847 natura
314 1780 397 1846 nihil
421 1802 458 1845 eo
483 1781 526 1845 sit
548 1781 781 1865 praestantius,
809 1780 851 1844 ad
872 1779 956 1845 hanc
978 1782 1183 1864 praesensio·
1223 1777 1224 1842 l

79 1917 85 1924 -
173 1891 248 1934 nem
276 1869 505 1951 notionemque
533 1872 681 1932 nostram
709 1867 792 1932 nihil
819 1868 912 1934 video
955 1869 1043 1952 quod
1067 1870 1182 1954 potius
1223 1875 1224 1960 l

174 1955 421 2039 accommodem,
445 1978 542 2040 quam
564 1960 601 2020 ut
623 1956 765 2040 primum
783 1955 868 2021 hunc
886 1955 995 2041 ipsum
1013 1958 1182 2042 mundum,
1197 1967 1224 2034 2⁰}

175 2066 238 2129 quo
260 2043 343 2108 nihil
366 2043 575 2108 excellentius
597 2043 668 2108 fieri
690 2047 808 2130 potest,
832 2043 1031 2109 animantem
1054 2067 1126 2111 esse
1148 2050 1183 2110 et
1223 2039 1224 2080 l

122 2143 154 2192 46
175 2133 270 2196 deum
305 2130 450 2196 iudicem.
504 2131 567 2197 Hic
604 2153 701 2216 quam
732 2132 821 2197 volet
851 2131 1012 2217 Epicurus
1044 2133 1182 2219 iocetur,

174 2221 271 2284 homo
301 2240 368 2284 non
394 2219 583 2305 aptissimus
612 2221 653 2284 ad
678 2220 850 2286 iocandum
878 2220 1074 2305 minimeque
1101 2222 1181 2286 resi-

173 2308 264 2394 piens
287 2306 437 2392 patriam,
460 2312 493 2372 et
516 2308 602 2372 dicat
625 2330 659 2372 se
681 2330 747 2372 non
764 2329 861 2393 posse
878 2308 1079 2394 intellegere,
1103 2332 1182 2395 qua·
1223 2361 1224 2376 ,

174 2397 215 2461 lis
239 2395 283 2460 sit
304 2394 458 2460 volubilis
477 2400 510 2461 et
527 2395 685 2461 rotundus
706 2396 793 2480 deus,
811 2399 922 2461 tamen
940 2418 979 2461 ex
997 2397 1069 2482 hoc,
1092 2399 1182 2481 quod
1195 2412 1219 2453 2⁵

174 2483 273 2549 etiam
303 2483 374 2568 ipse
405 2484 536 2568 probat,
567 2506 745 2568 numquam
775 2506 827 2550 me
859 2485 1011 2550 movebit.
1066 2484 1182 2551 Placet

175 2573 259 2638 enim
281 2571 333 2636 illi
356 2593 426 2636 esse
449 2571 534 2655 deos,
558 2571 634 2656 quia
655 2593 785 2637 necesse
804 2571 848 2637 sit
866 2576 1089 2657 praestantem
1108 2596 1181 2640 esse

175 2661 318 2744 aliquam
339 2663 500 2743 naturam,
524 2681 588 2743 qua
604 2659 692 2724 nihil
706 2660 749 2724 sit
768 2660 892 2725 melius.
928 2659 1049 2726 Mundo
1069 2666 1182 2727 autem

175 2751 261 2812 certe
282 2746 366 2811 nihil
389 2751 439 2812 est
462 2747 586 2813 melius,
631 2745 700 2814 Nec
723 2748 868 2832 dubium,
893 2749 979 2833 quin,
1003 2751 1089 2832 quod
1112 2751 1181 2815 ani-
1223 2799 1224 2820 1

174 2855 266 2898 mans
294 2833 338 2897 sit
364 2833 546 2920 habeatque
575 2857 705 2901 sensum
732 2840 765 2901 et
787 2836 948 2901 rationem
971 2840 1003 2900 ct
1026 2842 1180 2923 mentem,
1194 2852 1218 2893 ³⁰

123 2932 155 2982 4⁷
174 2921 208 2986 id
231 2920 275 2984 sit
295 2920 412 2986 melius
436 2945 533 3007 quam
555 2923 597 3007 id,
621 2923 707 3008 quod
728 2923 782 2988 his
803 2929 921 2991 careat.
962 2923 1015 2988 Ita
1039 2925 1181 2991 efficitur

175 3008 386 3093 animantem,
419 3030 544 3096 sensus,
580 3011 710 3096 mentis,
746 3012 882 3077 rationis
919 3013 1075 3078 mundum
1106 3037 1181 3080 esse

174 3099 371 3181 compotem3
401 3119 464 3182 qua
492 3099 620 3164 ratione
649 3099 744 3164 deum
772 3122 842 3164 esse
869 3100 1023 3165 mundum
1052 3104 1180 3167 conclu-

175 3184 270 3250 ditur.
316 3181 378 3251 Sed
405 3185 484 3252 haec
511 3189 609 3272 paulo
631 3191 707 3271 post
729 3187 857 3253 facilius
881 3193 1116 3274 cognoscentur
1140 3213 1179 3255 ex
1223 3235 1224 3270 ᾗ

174 3273 214 3338 iis
238 3273 335 3338 rebus
357 3273 446 3358 ipsis,
470 3296 549 3357 quas
573 3274 711 3340 mundus
735 3275 841 3340 efficit.
1193 3291 1219 3334 ³⁵

125 3359 164 3425 18
240 3358 382 3444 interea,
413 3360 533 3444 Vellei,
564 3360 645 3445 noli,
678 3385 811 3446 quaeso,
842 3385 920 3448 prae
947 3368 980 3429 te
1006 3363 1091 3429 ferre
1118 3388 1179 3431 vos

174 3447 271 3532 plane
308 3450 454 3533 expertes
487 3469 557 3512 esse
589 3447 761 3516 doctrinae.
814 3449 939 3516 Ocnum
970 3451 1032 3516 tibi
1064 3452 1112 3516 ais
1146 3458 1179 3517 et
